;; -*- mode: org; mode: beancount; -*-
;; Birth: 1980-05-12
;; Dates: 2022-01-01 - 2024-08-19
;; THIS FILE HAS BEEN AUTO-GENERATED.
* Options

option "title" "Example Beancount file"
option "operating_currency" "USD"




* Commodities


1792-01-01 commodity USD
  name: "US Dollar"
  export: "CASH"

1900-01-01 commodity VMMXX
  export: "MUTF:VMMXX (MONEY:USD)"

1980-05-12 commodity VACHR
  name: "Employer Vacation Hours"
  export: "IGNORE"

1980-05-12 commodity IRAUSD
  name: "US 401k and IRA Contributions"
  export: "IGNORE"

1995-09-18 commodity VBMPX
  name: "Vanguard Total Bond Market Index Fund Institutional Plus Shares"
  export: "MUTF:VBMPX"
  price: "USD:google/MUTF:VBMPX"

2004-01-20 commodity ITOT
  name: "iShares Core S&P Total U.S. Stock Market ETF"
  export: "NYSEARCA:ITOT"
  price: "USD:google/NYSEARCA:ITOT"

2004-01-26 commodity VHT
  name: "Vanguard Health Care ETF"
  export: "NYSEARCA:VHT"
  price: "USD:google/NYSEARCA:VHT"

2004-11-01 commodity GLD
  name: "SPDR Gold Trust (ETF)"
  export: "NYSEARCA:GLD"
  price: "USD:google/NYSEARCA:GLD"

2007-07-20 commodity VEA
  name: "Vanguard FTSE Developed Markets ETF"
  export: "NYSEARCA:VEA"
  price: "USD:google/NYSEARCA:VEA"

2009-05-01 commodity RGAGX
  name: "American Funds The Growth Fund of America Class R-6"
  export: "MUTF:RGAGX"
  price: "USD:google/MUTF:RGAGX"



* Equity Accounts

1980-05-12 open Equity:Opening-Balances
1980-05-12 open Liabilities:AccountsPayable



* Banking

2022-01-01 open Assets:US:BofA
  institution: "Bank of America"
  address: "123 America Street, LargeTown, USA"
  phone: "+1.012.345.6789"
2022-01-01 open Assets:US:BofA:Checking                        USD
  account: "00234-48574897"

2022-01-01 * "Opening Balance for checking account"
  Assets:US:BofA:Checking                         3756.00 USD
  Equity:Opening-Balances                        -3756.00 USD

2022-01-02 balance Assets:US:BofA:Checking        3756.00 USD

2022-01-04 * "BANK FEES" "Monthly bank fee"
  Assets:US:BofA:Checking                           -4.00 USD
  Expenses:Financial:Fees                            4.00 USD

2022-01-06 * "RiverBank Properties" "Paying the rent"
  Assets:US:BofA:Checking                        -2400.00 USD
  Expenses:Home:Rent                              2400.00 USD

2022-01-09 * "EDISON POWER" ""
  Assets:US:BofA:Checking                          -65.00 USD
  Expenses:Home:Electricity                         65.00 USD

2022-01-19 * "Verizon Wireless" ""
  Assets:US:BofA:Checking                          -54.11 USD
  Expenses:Home:Phone                               54.11 USD

2022-01-23 * "Wine-Tarner Cable" ""
  Assets:US:BofA:Checking                          -79.94 USD
  Expenses:Home:Internet                            79.94 USD

2022-01-31 balance Assets:US:BofA:Checking        3734.68 USD

2022-02-04 * "BANK FEES" "Monthly bank fee"
  Assets:US:BofA:Checking                           -4.00 USD
  Expenses:Financial:Fees                            4.00 USD

2022-02-06 * "RiverBank Properties" "Paying the rent"
  Assets:US:BofA:Checking                        -2400.00 USD
  Expenses:Home:Rent                              2400.00 USD

2022-02-08 * "EDISON POWER" ""
  Assets:US:BofA:Checking                          -65.00 USD
  Expenses:Home:Electricity                         65.00 USD

2022-02-19 * "Verizon Wireless" ""
  Assets:US:BofA:Checking                          -56.45 USD
  Expenses:Home:Phone                               56.45 USD

2022-02-21 * "Wine-Tarner Cable" ""
  Assets:US:BofA:Checking                          -80.09 USD
  Expenses:Home:Internet                            80.09 USD

2022-02-25 balance Assets:US:BofA:Checking        3299.49 USD

2022-03-04 * "BANK FEES" "Monthly bank fee"
  Assets:US:BofA:Checking                           -4.00 USD
  Expenses:Financial:Fees                            4.00 USD

2022-03-04 * "RiverBank Properties" "Paying the rent"
  Assets:US:BofA:Checking                        -2400.00 USD
  Expenses:Home:Rent                              2400.00 USD

2022-03-09 * "EDISON POWER" ""
  Assets:US:BofA:Checking                          -65.00 USD
  Expenses:Home:Electricity                         65.00 USD

2022-03-19 * "Verizon Wireless" ""
  Assets:US:BofA:Checking                          -59.96 USD
  Expenses:Home:Phone                               59.96 USD

2022-03-20 balance Assets:US:BofA:Checking        2741.67 USD

2022-03-23 * "Wine-Tarner Cable" ""
  Assets:US:BofA:Checking                          -80.02 USD
  Expenses:Home:Internet                            80.02 USD

2022-04-03 * "RiverBank Properties" "Paying the rent"
  Assets:US:BofA:Checking                        -2400.00 USD
  Expenses:Home:Rent                              2400.00 USD

2022-04-04 * "BANK FEES" "Monthly bank fee"
  Assets:US:BofA:Checking                           -4.00 USD
  Expenses:Financial:Fees                            4.00 USD

2022-04-09 * "EDISON POWER" ""
  Assets:US:BofA:Checking                          -65.00 USD
  Expenses:Home:Electricity                         65.00 USD

2022-04-19 balance Assets:US:BofA:Checking        2297.53 USD

2022-04-19 * "Verizon Wireless" ""
  Assets:US:BofA:Checking                          -53.50 USD
  Expenses:Home:Phone                               53.50 USD

2022-04-23 * "Wine-Tarner Cable" ""
  Assets:US:BofA:Checking                          -79.93 USD
  Expenses:Home:Internet                            79.93 USD

2022-05-04 * "BANK FEES" "Monthly bank fee"
  Assets:US:BofA:Checking                           -4.00 USD
  Expenses:Financial:Fees                            4.00 USD

2022-05-05 * "RiverBank Properties" "Paying the rent"
  Assets:US:BofA:Checking                        -2400.00 USD
  Expenses:Home:Rent                              2400.00 USD

2022-05-08 * "EDISON POWER" ""
  Assets:US:BofA:Checking                          -65.00 USD
  Expenses:Home:Electricity                         65.00 USD

2022-05-16 balance Assets:US:BofA:Checking        1717.87 USD

2022-05-18 * "Verizon Wireless" ""
  Assets:US:BofA:Checking                          -55.14 USD
  Expenses:Home:Phone                               55.14 USD

2022-05-21 * "Wine-Tarner Cable" ""
  Assets:US:BofA:Checking                          -79.97 USD
  Expenses:Home:Internet                            79.97 USD

2022-06-04 * "BANK FEES" "Monthly bank fee"
  Assets:US:BofA:Checking                           -4.00 USD
  Expenses:Financial:Fees                            4.00 USD

2022-06-05 balance Assets:US:BofA:Checking        2929.36 USD

2022-06-06 * "RiverBank Properties" "Paying the rent"
  Assets:US:BofA:Checking                        -2400.00 USD
  Expenses:Home:Rent                              2400.00 USD

2022-06-08 * "EDISON POWER" ""
  Assets:US:BofA:Checking                          -65.00 USD
  Expenses:Home:Electricity                         65.00 USD

2022-06-19 * "Verizon Wireless" ""
  Assets:US:BofA:Checking                          -55.79 USD
  Expenses:Home:Phone                               55.79 USD

2022-06-21 * "Wine-Tarner Cable" ""
  Assets:US:BofA:Checking                          -79.95 USD
  Expenses:Home:Internet                            79.95 USD

2022-07-03 * "RiverBank Properties" "Paying the rent"
  Assets:US:BofA:Checking                        -2400.00 USD
  Expenses:Home:Rent                              2400.00 USD

2022-07-04 balance Assets:US:BofA:Checking           4.00 USD

2022-07-04 * "BANK FEES" "Monthly bank fee"
  Assets:US:BofA:Checking                           -4.00 USD
  Expenses:Financial:Fees                            4.00 USD

2022-07-08 * "EDISON POWER" ""
  Assets:US:BofA:Checking                          -65.00 USD
  Expenses:Home:Electricity                         65.00 USD

2022-07-19 * "Verizon Wireless" ""
  Assets:US:BofA:Checking                          -68.17 USD
  Expenses:Home:Phone                               68.17 USD

2022-07-21 * "Wine-Tarner Cable" ""
  Assets:US:BofA:Checking                          -79.90 USD
  Expenses:Home:Internet                            79.90 USD

2022-08-01 balance Assets:US:BofA:Checking        1882.12 USD

2022-08-04 * "BANK FEES" "Monthly bank fee"
  Assets:US:BofA:Checking                           -4.00 USD
  Expenses:Financial:Fees                            4.00 USD

2022-08-06 * "RiverBank Properties" "Paying the rent"
  Assets:US:BofA:Checking                        -2400.00 USD
  Expenses:Home:Rent                              2400.00 USD

2022-08-08 * "EDISON POWER" ""
  Assets:US:BofA:Checking                          -65.00 USD
  Expenses:Home:Electricity                         65.00 USD

2022-08-20 * "Verizon Wireless" ""
  Assets:US:BofA:Checking                          -53.67 USD
  Expenses:Home:Phone                               53.67 USD

2022-08-23 * "Wine-Tarner Cable" ""
  Assets:US:BofA:Checking                          -79.85 USD
  Expenses:Home:Internet                            79.85 USD

2022-08-26 balance Assets:US:BofA:Checking        3249.72 USD

2022-09-04 * "BANK FEES" "Monthly bank fee"
  Assets:US:BofA:Checking                           -4.00 USD
  Expenses:Financial:Fees                            4.00 USD

2022-09-06 * "RiverBank Properties" "Paying the rent"
  Assets:US:BofA:Checking                        -2400.00 USD
  Expenses:Home:Rent                              2400.00 USD

2022-09-09 * "EDISON POWER" ""
  Assets:US:BofA:Checking                          -65.00 USD
  Expenses:Home:Electricity                         65.00 USD

2022-09-16 balance Assets:US:BofA:Checking        5515.88 USD

2022-09-16 * "Transfering accumulated savings to other account"
  Assets:US:BofA:Checking                           -4500 USD
  Assets:US:ETrade:Cash                              4500 USD

2022-09-20 * "Verizon Wireless" ""
  Assets:US:BofA:Checking                          -43.31 USD
  Expenses:Home:Phone                               43.31 USD

2022-09-23 * "Wine-Tarner Cable" ""
  Assets:US:BofA:Checking                          -80.14 USD
  Expenses:Home:Internet                            80.14 USD

2022-10-04 * "BANK FEES" "Monthly bank fee"
  Assets:US:BofA:Checking                           -4.00 USD
  Expenses:Financial:Fees                            4.00 USD

2022-10-06 * "RiverBank Properties" "Paying the rent"
  Assets:US:BofA:Checking                        -2400.00 USD
  Expenses:Home:Rent                              2400.00 USD

2022-10-09 * "EDISON POWER" ""
  Assets:US:BofA:Checking                          -65.00 USD
  Expenses:Home:Electricity                         65.00 USD

2022-10-11 balance Assets:US:BofA:Checking         272.56 USD

2022-10-19 * "Verizon Wireless" ""
  Assets:US:BofA:Checking                          -60.97 USD
  Expenses:Home:Phone                               60.97 USD

2022-10-22 * "Wine-Tarner Cable" ""
  Assets:US:BofA:Checking                          -79.98 USD
  Expenses:Home:Internet                            79.98 USD

2022-10-31 balance Assets:US:BofA:Checking        5232.81 USD

2022-11-04 * "BANK FEES" "Monthly bank fee"
  Assets:US:BofA:Checking                           -4.00 USD
  Expenses:Financial:Fees                            4.00 USD

2022-11-05 * "RiverBank Properties" "Paying the rent"
  Assets:US:BofA:Checking                        -2400.00 USD
  Expenses:Home:Rent                              2400.00 USD

2022-11-09 * "EDISON POWER" ""
  Assets:US:BofA:Checking                          -65.00 USD
  Expenses:Home:Electricity                         65.00 USD

2022-11-11 * "Transfering accumulated savings to other account"
  Assets:US:BofA:Checking                           -4000 USD
  Assets:US:ETrade:Cash                              4000 USD

2022-11-18 * "Verizon Wireless" ""
  Assets:US:BofA:Checking                          -62.87 USD
  Expenses:Home:Phone                               62.87 USD

2022-11-23 * "Wine-Tarner Cable" ""
  Assets:US:BofA:Checking                          -79.81 USD
  Expenses:Home:Internet                            79.81 USD

2022-11-28 balance Assets:US:BofA:Checking        3020.52 USD

2022-12-04 * "BANK FEES" "Monthly bank fee"
  Assets:US:BofA:Checking                           -4.00 USD
  Expenses:Financial:Fees                            4.00 USD

2022-12-04 * "RiverBank Properties" "Paying the rent"
  Assets:US:BofA:Checking                        -2400.00 USD
  Expenses:Home:Rent                              2400.00 USD

2022-12-08 * "EDISON POWER" ""
  Assets:US:BofA:Checking                          -65.00 USD
  Expenses:Home:Electricity                         65.00 USD

2022-12-20 * "Verizon Wireless" ""
  Assets:US:BofA:Checking                          -65.30 USD
  Expenses:Home:Phone                               65.30 USD

2022-12-22 balance Assets:US:BofA:Checking        2265.28 USD

2022-12-22 * "Wine-Tarner Cable" ""
  Assets:US:BofA:Checking                          -79.96 USD
  Expenses:Home:Internet                            79.96 USD

2023-01-04 * "BANK FEES" "Monthly bank fee"
  Assets:US:BofA:Checking                           -4.00 USD
  Expenses:Financial:Fees                            4.00 USD

2023-01-05 * "RiverBank Properties" "Paying the rent"
  Assets:US:BofA:Checking                        -2400.00 USD
  Expenses:Home:Rent                              2400.00 USD

2023-01-09 * "EDISON POWER" ""
  Assets:US:BofA:Checking                          -65.00 USD
  Expenses:Home:Electricity                         65.00 USD

2023-01-14 balance Assets:US:BofA:Checking        3353.02 USD

2023-01-20 * "Verizon Wireless" ""
  Assets:US:BofA:Checking                          -68.21 USD
  Expenses:Home:Phone                               68.21 USD

2023-01-23 * "Wine-Tarner Cable" ""
  Assets:US:BofA:Checking                          -79.93 USD
  Expenses:Home:Internet                            79.93 USD

2023-02-03 * "RiverBank Properties" "Paying the rent"
  Assets:US:BofA:Checking                        -2400.00 USD
  Expenses:Home:Rent                              2400.00 USD

2023-02-04 balance Assets:US:BofA:Checking        3506.08 USD

2023-02-04 * "BANK FEES" "Monthly bank fee"
  Assets:US:BofA:Checking                           -4.00 USD
  Expenses:Financial:Fees                            4.00 USD

2023-02-09 * "EDISON POWER" ""
  Assets:US:BofA:Checking                          -65.00 USD
  Expenses:Home:Electricity                         65.00 USD

2023-02-20 * "Verizon Wireless" ""
  Assets:US:BofA:Checking                          -58.18 USD
  Expenses:Home:Phone                               58.18 USD

2023-02-23 * "Wine-Tarner Cable" ""
  Assets:US:BofA:Checking                          -80.08 USD
  Expenses:Home:Internet                            80.08 USD

2023-03-04 * "BANK FEES" "Monthly bank fee"
  Assets:US:BofA:Checking                           -4.00 USD
  Expenses:Financial:Fees                            4.00 USD

2023-03-04 * "RiverBank Properties" "Paying the rent"
  Assets:US:BofA:Checking                        -2400.00 USD
  Expenses:Home:Rent                              2400.00 USD

2023-03-06 balance Assets:US:BofA:Checking        3000.03 USD

2023-03-09 * "EDISON POWER" ""
  Assets:US:BofA:Checking                          -65.00 USD
  Expenses:Home:Electricity                         65.00 USD

2023-03-20 * "Verizon Wireless" ""
  Assets:US:BofA:Checking                          -53.12 USD
  Expenses:Home:Phone                               53.12 USD

2023-03-21 * "Wine-Tarner Cable" ""
  Assets:US:BofA:Checking                          -79.81 USD
  Expenses:Home:Internet                            79.81 USD

2023-04-03 balance Assets:US:BofA:Checking        4033.09 USD

2023-04-04 * "BANK FEES" "Monthly bank fee"
  Assets:US:BofA:Checking                           -4.00 USD
  Expenses:Financial:Fees                            4.00 USD

2023-04-06 * "RiverBank Properties" "Paying the rent"
  Assets:US:BofA:Checking                        -2400.00 USD
  Expenses:Home:Rent                              2400.00 USD

2023-04-09 * "EDISON POWER" ""
  Assets:US:BofA:Checking                          -65.00 USD
  Expenses:Home:Electricity                         65.00 USD

2023-04-18 * "Verizon Wireless" ""
  Assets:US:BofA:Checking                          -51.55 USD
  Expenses:Home:Phone                               51.55 USD

2023-04-21 * "Wine-Tarner Cable" ""
  Assets:US:BofA:Checking                          -79.81 USD
  Expenses:Home:Internet                            79.81 USD

2023-04-28 balance Assets:US:BofA:Checking        3487.08 USD

2023-05-04 * "BANK FEES" "Monthly bank fee"
  Assets:US:BofA:Checking                           -4.00 USD
  Expenses:Financial:Fees                            4.00 USD

2023-05-04 * "RiverBank Properties" "Paying the rent"
  Assets:US:BofA:Checking                        -2400.00 USD
  Expenses:Home:Rent                              2400.00 USD

2023-05-09 * "EDISON POWER" ""
  Assets:US:BofA:Checking                          -65.00 USD
  Expenses:Home:Electricity                         65.00 USD

2023-05-18 * "Verizon Wireless" ""
  Assets:US:BofA:Checking                          -66.37 USD
  Expenses:Home:Phone                               66.37 USD

2023-05-22 * "Wine-Tarner Cable" ""
  Assets:US:BofA:Checking                          -80.06 USD
  Expenses:Home:Internet                            80.06 USD

2023-05-28 balance Assets:US:BofA:Checking        3017.76 USD

2023-06-03 * "RiverBank Properties" "Paying the rent"
  Assets:US:BofA:Checking                        -2400.00 USD
  Expenses:Home:Rent                              2400.00 USD

2023-06-04 * "BANK FEES" "Monthly bank fee"
  Assets:US:BofA:Checking                           -4.00 USD
  Expenses:Financial:Fees                            4.00 USD

2023-06-09 * "EDISON POWER" ""
  Assets:US:BofA:Checking                          -65.00 USD
  Expenses:Home:Electricity                         65.00 USD

2023-06-17 balance Assets:US:BofA:Checking        1165.98 USD

2023-06-18 * "Verizon Wireless" ""
  Assets:US:BofA:Checking                          -66.37 USD
  Expenses:Home:Phone                               66.37 USD

2023-06-21 * "Wine-Tarner Cable" ""
  Assets:US:BofA:Checking                          -79.94 USD
  Expenses:Home:Internet                            79.94 USD

2023-07-04 * "BANK FEES" "Monthly bank fee"
  Assets:US:BofA:Checking                           -4.00 USD
  Expenses:Financial:Fees                            4.00 USD

2023-07-06 * "RiverBank Properties" "Paying the rent"
  Assets:US:BofA:Checking                        -2400.00 USD
  Expenses:Home:Rent                              2400.00 USD

2023-07-09 * "EDISON POWER" ""
  Assets:US:BofA:Checking                          -65.00 USD
  Expenses:Home:Electricity                         65.00 USD

2023-07-15 balance Assets:US:BofA:Checking         614.08 USD

2023-07-18 * "Verizon Wireless" ""
  Assets:US:BofA:Checking                          -76.52 USD
  Expenses:Home:Phone                               76.52 USD

2023-07-23 * "Wine-Tarner Cable" ""
  Assets:US:BofA:Checking                          -80.01 USD
  Expenses:Home:Internet                            80.01 USD

2023-08-04 * "BANK FEES" "Monthly bank fee"
  Assets:US:BofA:Checking                           -4.00 USD
  Expenses:Financial:Fees                            4.00 USD

2023-08-06 * "RiverBank Properties" "Paying the rent"
  Assets:US:BofA:Checking                        -2400.00 USD
  Expenses:Home:Rent                              2400.00 USD

2023-08-09 balance Assets:US:BofA:Checking        1454.75 USD

2023-08-09 * "EDISON POWER" ""
  Assets:US:BofA:Checking                          -65.00 USD
  Expenses:Home:Electricity                         65.00 USD

2023-08-20 * "Verizon Wireless" ""
  Assets:US:BofA:Checking                          -61.17 USD
  Expenses:Home:Phone                               61.17 USD

2023-08-23 * "Wine-Tarner Cable" ""
  Assets:US:BofA:Checking                          -80.01 USD
  Expenses:Home:Internet                            80.01 USD

2023-09-03 * "RiverBank Properties" "Paying the rent"
  Assets:US:BofA:Checking                        -2400.00 USD
  Expenses:Home:Rent                              2400.00 USD

2023-09-04 * "BANK FEES" "Monthly bank fee"
  Assets:US:BofA:Checking                           -4.00 USD
  Expenses:Financial:Fees                            4.00 USD

2023-09-08 balance Assets:US:BofA:Checking        3144.05 USD

2023-09-09 * "EDISON POWER" ""
  Assets:US:BofA:Checking                          -65.00 USD
  Expenses:Home:Electricity                         65.00 USD

2023-09-15 * "Transfering accumulated savings to other account"
  Assets:US:BofA:Checking                           -4000 USD
  Assets:US:ETrade:Cash                              4000 USD

2023-09-19 * "Verizon Wireless" ""
  Assets:US:BofA:Checking                          -54.76 USD
  Expenses:Home:Phone                               54.76 USD

2023-09-22 * "Wine-Tarner Cable" ""
  Assets:US:BofA:Checking                          -79.98 USD
  Expenses:Home:Internet                            79.98 USD

2023-09-28 balance Assets:US:BofA:Checking         713.87 USD

2023-10-03 * "RiverBank Properties" "Paying the rent"
  Assets:US:BofA:Checking                        -2400.00 USD
  Expenses:Home:Rent                              2400.00 USD

2023-10-04 * "BANK FEES" "Monthly bank fee"
  Assets:US:BofA:Checking                           -4.00 USD
  Expenses:Financial:Fees                            4.00 USD

2023-10-08 * "EDISON POWER" ""
  Assets:US:BofA:Checking                          -65.00 USD
  Expenses:Home:Electricity                         65.00 USD

2023-10-19 * "Verizon Wireless" ""
  Assets:US:BofA:Checking                          -63.00 USD
  Expenses:Home:Phone                               63.00 USD

2023-10-21 * "Wine-Tarner Cable" ""
  Assets:US:BofA:Checking                          -80.06 USD
  Expenses:Home:Internet                            80.06 USD

2023-10-23 balance Assets:US:BofA:Checking        2812.71 USD

2023-11-04 * "BANK FEES" "Monthly bank fee"
  Assets:US:BofA:Checking                           -4.00 USD
  Expenses:Financial:Fees                            4.00 USD

2023-11-04 * "RiverBank Properties" "Paying the rent"
  Assets:US:BofA:Checking                        -2400.00 USD
  Expenses:Home:Rent                              2400.00 USD

2023-11-08 * "EDISON POWER" ""
  Assets:US:BofA:Checking                          -65.00 USD
  Expenses:Home:Electricity                         65.00 USD

2023-11-10 * "Transfering accumulated savings to other account"
  Assets:US:BofA:Checking                           -4000 USD
  Assets:US:ETrade:Cash                              4000 USD

2023-11-12 balance Assets:US:BofA:Checking         918.86 USD

2023-11-18 * "Verizon Wireless" ""
  Assets:US:BofA:Checking                          -63.27 USD
  Expenses:Home:Phone                               63.27 USD

2023-11-22 * "Wine-Tarner Cable" ""
  Assets:US:BofA:Checking                          -79.73 USD
  Expenses:Home:Internet                            79.73 USD

2023-12-04 * "BANK FEES" "Monthly bank fee"
  Assets:US:BofA:Checking                           -4.00 USD
  Expenses:Financial:Fees                            4.00 USD

2023-12-06 balance Assets:US:BofA:Checking        3322.46 USD

2023-12-06 * "RiverBank Properties" "Paying the rent"
  Assets:US:BofA:Checking                        -2400.00 USD
  Expenses:Home:Rent                              2400.00 USD

2023-12-09 * "EDISON POWER" ""
  Assets:US:BofA:Checking                          -65.00 USD
  Expenses:Home:Electricity                         65.00 USD

2023-12-18 * "Verizon Wireless" ""
  Assets:US:BofA:Checking                          -55.00 USD
  Expenses:Home:Phone                               55.00 USD

2023-12-21 * "Wine-Tarner Cable" ""
  Assets:US:BofA:Checking                          -79.95 USD
  Expenses:Home:Internet                            79.95 USD

2024-01-01 balance Assets:US:BofA:Checking        5527.78 USD

2024-01-04 * "BANK FEES" "Monthly bank fee"
  Assets:US:BofA:Checking                           -4.00 USD
  Expenses:Financial:Fees                            4.00 USD

2024-01-04 * "RiverBank Properties" "Paying the rent"
  Assets:US:BofA:Checking                        -2400.00 USD
  Expenses:Home:Rent                              2400.00 USD

2024-01-09 * "EDISON POWER" ""
  Assets:US:BofA:Checking                          -65.00 USD
  Expenses:Home:Electricity                         65.00 USD

2024-01-18 * "Verizon Wireless" ""
  Assets:US:BofA:Checking                          -51.36 USD
  Expenses:Home:Phone                               51.36 USD

2024-01-22 * "Wine-Tarner Cable" ""
  Assets:US:BofA:Checking                          -80.16 USD
  Expenses:Home:Internet                            80.16 USD

2024-01-30 balance Assets:US:BofA:Checking        4978.00 USD

2024-02-04 * "BANK FEES" "Monthly bank fee"
  Assets:US:BofA:Checking                           -4.00 USD
  Expenses:Financial:Fees                            4.00 USD

2024-02-04 * "RiverBank Properties" "Paying the rent"
  Assets:US:BofA:Checking                        -2400.00 USD
  Expenses:Home:Rent                              2400.00 USD

2024-02-08 * "EDISON POWER" ""
  Assets:US:BofA:Checking                          -65.00 USD
  Expenses:Home:Electricity                         65.00 USD

2024-02-18 * "Verizon Wireless" ""
  Assets:US:BofA:Checking                          -61.79 USD
  Expenses:Home:Phone                               61.79 USD

2024-02-20 balance Assets:US:BofA:Checking        4243.08 USD

2024-02-23 * "Wine-Tarner Cable" ""
  Assets:US:BofA:Checking                          -79.99 USD
  Expenses:Home:Internet                            79.99 USD

2024-03-04 * "BANK FEES" "Monthly bank fee"
  Assets:US:BofA:Checking                           -4.00 USD
  Expenses:Financial:Fees                            4.00 USD

2024-03-05 * "RiverBank Properties" "Paying the rent"
  Assets:US:BofA:Checking                        -2400.00 USD
  Expenses:Home:Rent                              2400.00 USD

2024-03-08 * "EDISON POWER" ""
  Assets:US:BofA:Checking                          -65.00 USD
  Expenses:Home:Electricity                         65.00 USD

2024-03-15 balance Assets:US:BofA:Checking        3853.02 USD

2024-03-20 * "Verizon Wireless" ""
  Assets:US:BofA:Checking                          -69.96 USD
  Expenses:Home:Phone                               69.96 USD

2024-03-21 * "Wine-Tarner Cable" ""
  Assets:US:BofA:Checking                          -80.00 USD
  Expenses:Home:Internet                            80.00 USD

2024-04-04 * "BANK FEES" "Monthly bank fee"
  Assets:US:BofA:Checking                           -4.00 USD
  Expenses:Financial:Fees                            4.00 USD

2024-04-06 balance Assets:US:BofA:Checking        4303.56 USD

2024-04-06 * "RiverBank Properties" "Paying the rent"
  Assets:US:BofA:Checking                        -2400.00 USD
  Expenses:Home:Rent                              2400.00 USD

2024-04-08 * "EDISON POWER" ""
  Assets:US:BofA:Checking                          -65.00 USD
  Expenses:Home:Electricity                         65.00 USD

2024-04-20 * "Verizon Wireless" ""
  Assets:US:BofA:Checking                          -67.41 USD
  Expenses:Home:Phone                               67.41 USD

2024-04-22 * "Wine-Tarner Cable" ""
  Assets:US:BofA:Checking                          -79.98 USD
  Expenses:Home:Internet                            79.98 USD

2024-05-03 * "RiverBank Properties" "Paying the rent"
  Assets:US:BofA:Checking                        -2400.00 USD
  Expenses:Home:Rent                              2400.00 USD

2024-05-04 * "BANK FEES" "Monthly bank fee"
  Assets:US:BofA:Checking                           -4.00 USD
  Expenses:Financial:Fees                            4.00 USD

2024-05-06 balance Assets:US:BofA:Checking        1241.41 USD

2024-05-08 * "EDISON POWER" ""
  Assets:US:BofA:Checking                          -65.00 USD
  Expenses:Home:Electricity                         65.00 USD

2024-05-20 * "Verizon Wireless" ""
  Assets:US:BofA:Checking                          -64.26 USD
  Expenses:Home:Phone                               64.26 USD

2024-05-23 * "Wine-Tarner Cable" ""
  Assets:US:BofA:Checking                          -80.11 USD
  Expenses:Home:Internet                            80.11 USD

2024-05-26 balance Assets:US:BofA:Checking        3225.82 USD

2024-06-03 * "RiverBank Properties" "Paying the rent"
  Assets:US:BofA:Checking                        -2400.00 USD
  Expenses:Home:Rent                              2400.00 USD

2024-06-04 * "BANK FEES" "Monthly bank fee"
  Assets:US:BofA:Checking                           -4.00 USD
  Expenses:Financial:Fees                            4.00 USD

2024-06-09 * "EDISON POWER" ""
  Assets:US:BofA:Checking                          -65.00 USD
  Expenses:Home:Electricity                         65.00 USD

2024-06-20 * "Verizon Wireless" ""
  Assets:US:BofA:Checking                          -50.99 USD
  Expenses:Home:Phone                               50.99 USD

2024-06-22 balance Assets:US:BofA:Checking        2582.83 USD

2024-06-23 * "Wine-Tarner Cable" ""
  Assets:US:BofA:Checking                          -80.09 USD
  Expenses:Home:Internet                            80.09 USD

2024-07-04 * "BANK FEES" "Monthly bank fee"
  Assets:US:BofA:Checking                           -4.00 USD
  Expenses:Financial:Fees                            4.00 USD

2024-07-06 * "RiverBank Properties" "Paying the rent"
  Assets:US:BofA:Checking                        -2400.00 USD
  Expenses:Home:Rent                              2400.00 USD

2024-07-08 * "EDISON POWER" ""
  Assets:US:BofA:Checking                          -65.00 USD
  Expenses:Home:Electricity                         65.00 USD

2024-07-18 * "Verizon Wireless" ""
  Assets:US:BofA:Checking                          -59.54 USD
  Expenses:Home:Phone                               59.54 USD

2024-07-19 balance Assets:US:BofA:Checking        2022.02 USD

2024-07-22 * "Wine-Tarner Cable" ""
  Assets:US:BofA:Checking                          -79.90 USD
  Expenses:Home:Internet                            79.90 USD

2024-08-02 * "Transfering accumulated savings to other account"
  Assets:US:BofA:Checking                           -3500 USD
  Assets:US:ETrade:Cash                              3500 USD

2024-08-04 * "BANK FEES" "Monthly bank fee"
  Assets:US:BofA:Checking                           -4.00 USD
  Expenses:Financial:Fees                            4.00 USD



* Credit-Cards

1980-05-12 open Liabilities:US:Chase:Slate                      USD

2022-01-05 * "Kin Soy" "Eating out after work"
  Liabilities:US:Chase:Slate                       -26.34 USD
  Expenses:Food:Restaurant                          26.34 USD

2022-01-07 * "Chichipotle" "Eating out "
  Liabilities:US:Chase:Slate                       -25.21 USD
  Expenses:Food:Restaurant                          25.21 USD

2022-01-08 * "Uncle Boons" "Eating out alone"
  Liabilities:US:Chase:Slate                       -46.33 USD
  Expenses:Food:Restaurant                          46.33 USD

2022-01-10 * "Chase:Slate" "Paying off credit card"
  Liabilities:US:Chase:Slate                       119.47 USD
  Assets:US:BofA:Checking                         -119.47 USD

2022-01-12 * "Uncle Boons" "Eating out with Joe"
  Liabilities:US:Chase:Slate                       -21.59 USD
  Expenses:Food:Restaurant                          21.59 USD

2022-01-17 * "Cafe Modagor" "Eating out with Julie"
  Liabilities:US:Chase:Slate                       -31.27 USD
  Expenses:Food:Restaurant                          31.27 USD

2022-01-21 * "Onion Market" "Buying groceries"
  Liabilities:US:Chase:Slate                       -96.28 USD
  Expenses:Food:Groceries                           96.28 USD

2022-01-22 balance Liabilities:US:Chase:Slate     -127.55 USD

2022-01-22 * "Uncle Boons" "Eating out with Julie"
  Liabilities:US:Chase:Slate                       -22.45 USD
  Expenses:Food:Restaurant                          22.45 USD

2022-01-23 * "Kin Soy" "Eating out with Julie"
  Liabilities:US:Chase:Slate                       -38.25 USD
  Expenses:Food:Restaurant                          38.25 USD

2022-01-24 * "China Garden" "Eating out "
  Liabilities:US:Chase:Slate                       -34.76 USD
  Expenses:Food:Restaurant                          34.76 USD

2022-01-29 * "Goba Goba" "Eating out with work buddies"
  Liabilities:US:Chase:Slate                       -42.10 USD
  Expenses:Food:Restaurant                          42.10 USD

2022-01-31 * "Metro Transport Authority" "Tram tickets"
  Liabilities:US:Chase:Slate                      -120.00 USD
  Expenses:Transport:Tram                          120.00 USD

2022-02-01 * "Chichipotle" "Eating out alone"
  Liabilities:US:Chase:Slate                       -28.53 USD
  Expenses:Food:Restaurant                          28.53 USD

2022-02-03 * "Chichipotle" "Eating out with Joe"
  Liabilities:US:Chase:Slate                       -30.94 USD
  Expenses:Food:Restaurant                          30.94 USD

2022-02-05 * "Kin Soy" "Eating out after work"
  Liabilities:US:Chase:Slate                       -14.72 USD
  Expenses:Food:Restaurant                          14.72 USD

2022-02-06 * "Chichipotle" "Eating out after work"
  Liabilities:US:Chase:Slate                       -43.35 USD
  Expenses:Food:Restaurant                          43.35 USD

2022-02-08 * "Chase:Slate" "Paying off credit card"
  Liabilities:US:Chase:Slate                       530.85 USD
  Assets:US:BofA:Checking                         -530.85 USD

2022-02-10 * "Uncle Boons" "Eating out with Bill"
  Liabilities:US:Chase:Slate                       -28.20 USD
  Expenses:Food:Restaurant                          28.20 USD

2022-02-10 * "Good Moods Market" "Buying groceries"
  Liabilities:US:Chase:Slate                       -94.01 USD
  Expenses:Food:Groceries                           94.01 USD

2022-02-12 balance Liabilities:US:Chase:Slate      -94.01 USD

2022-02-13 * "Rose Flower" "Eating out with Joe"
  Liabilities:US:Chase:Slate                       -32.62 USD
  Expenses:Food:Restaurant                          32.62 USD

2022-02-18 * "Rose Flower" "Eating out "
  Liabilities:US:Chase:Slate                       -67.27 USD
  Expenses:Food:Restaurant                          67.27 USD

2022-02-19 * "Rose Flower" "Eating out with Julie"
  Liabilities:US:Chase:Slate                       -17.22 USD
  Expenses:Food:Restaurant                          17.22 USD

2022-02-23 * "Cafe Modagor" "Eating out "
  Liabilities:US:Chase:Slate                       -17.09 USD
  Expenses:Food:Restaurant                          17.09 USD

2022-02-27 * "Corner Deli" "Buying groceries"
  Liabilities:US:Chase:Slate                      -111.43 USD
  Expenses:Food:Groceries                          111.43 USD

2022-02-28 * "Jewel of Morroco" "Eating out with work buddies"
  Liabilities:US:Chase:Slate                       -36.18 USD
  Expenses:Food:Restaurant                          36.18 USD

2022-03-03 * "Jewel of Morroco" "Eating out with Joe"
  Liabilities:US:Chase:Slate                       -22.55 USD
  Expenses:Food:Restaurant                          22.55 USD

2022-03-04 * "Metro Transport Authority" "Tram tickets"
  Liabilities:US:Chase:Slate                      -120.00 USD
  Expenses:Transport:Tram                          120.00 USD

2022-03-06 * "Kin Soy" "Eating out after work"
  Liabilities:US:Chase:Slate                       -33.38 USD
  Expenses:Food:Restaurant                          33.38 USD

2022-03-07 * "Rose Flower" "Eating out alone"
  Liabilities:US:Chase:Slate                       -24.81 USD
  Expenses:Food:Restaurant                          24.81 USD

2022-03-08 * "Farmer Fresh" "Buying groceries"
  Liabilities:US:Chase:Slate                       -64.94 USD
  Expenses:Food:Groceries                           64.94 USD

2022-03-09 * "Goba Goba" "Eating out with Julie"
  Liabilities:US:Chase:Slate                       -59.96 USD
  Expenses:Food:Restaurant                          59.96 USD

2022-03-11 balance Liabilities:US:Chase:Slate     -701.46 USD

2022-03-11 * "Chase:Slate" "Paying off credit card"
  Liabilities:US:Chase:Slate                       730.06 USD
  Assets:US:BofA:Checking                         -730.06 USD

2022-03-13 * "Jewel of Morroco" "Eating out with Joe"
  Liabilities:US:Chase:Slate                       -28.60 USD
  Expenses:Food:Restaurant                          28.60 USD

2022-03-15 * "Goba Goba" "Eating out "
  Liabilities:US:Chase:Slate                       -37.27 USD
  Expenses:Food:Restaurant                          37.27 USD

2022-03-16 * "Onion Market" "Buying groceries"
  Liabilities:US:Chase:Slate                       -94.91 USD
  Expenses:Food:Groceries                           94.91 USD

2022-03-19 * "China Garden" "Eating out with Julie"
  Liabilities:US:Chase:Slate                       -33.93 USD
  Expenses:Food:Restaurant                          33.93 USD

2022-03-20 * "Goba Goba" "Eating out with Joe"
  Liabilities:US:Chase:Slate                       -30.59 USD
  Expenses:Food:Restaurant                          30.59 USD

2022-03-24 * "Goba Goba" "Eating out "
  Liabilities:US:Chase:Slate                       -27.12 USD
  Expenses:Food:Restaurant                          27.12 USD

2022-03-29 * "Goba Goba" "Eating out with Natasha"
  Liabilities:US:Chase:Slate                       -44.87 USD
  Expenses:Food:Restaurant                          44.87 USD

2022-04-02 * "Goba Goba" "Eating out after work"
  Liabilities:US:Chase:Slate                       -49.25 USD
  Expenses:Food:Restaurant                          49.25 USD

2022-04-02 * "Corner Deli" "Buying groceries"
  Liabilities:US:Chase:Slate                       -89.69 USD
  Expenses:Food:Groceries                           89.69 USD

2022-04-03 * "Cafe Modagor" "Eating out alone"
  Liabilities:US:Chase:Slate                       -15.93 USD
  Expenses:Food:Restaurant                          15.93 USD

2022-04-04 * "Metro Transport Authority" "Tram tickets"
  Liabilities:US:Chase:Slate                      -120.00 USD
  Expenses:Transport:Tram                          120.00 USD

2022-04-06 balance Liabilities:US:Chase:Slate     -543.56 USD

2022-04-08 * "Kin Soy" "Eating out alone"
  Liabilities:US:Chase:Slate                       -38.67 USD
  Expenses:Food:Restaurant                          38.67 USD

2022-04-11 * "Rose Flower" "Eating out alone"
  Liabilities:US:Chase:Slate                       -14.09 USD
  Expenses:Food:Restaurant                          14.09 USD

2022-04-11 * "Chase:Slate" "Paying off credit card"
  Liabilities:US:Chase:Slate                       596.32 USD
  Assets:US:BofA:Checking                         -596.32 USD

2022-04-15 * "Jewel of Morroco" "Eating out with Bill"
  Liabilities:US:Chase:Slate                       -35.13 USD
  Expenses:Food:Restaurant                          35.13 USD

2022-04-17 * "Farmer Fresh" "Buying groceries"
  Liabilities:US:Chase:Slate                       -54.75 USD
  Expenses:Food:Groceries                           54.75 USD

2022-04-18 * "Goba Goba" "Eating out with Julie"
  Liabilities:US:Chase:Slate                       -31.00 USD
  Expenses:Food:Restaurant                          31.00 USD

2022-04-21 * "Chichipotle" "Eating out after work"
  Liabilities:US:Chase:Slate                       -51.89 USD
  Expenses:Food:Restaurant                          51.89 USD

2022-04-25 * "Jewel of Morroco" "Eating out with work buddies"
  Liabilities:US:Chase:Slate                       -38.63 USD
  Expenses:Food:Restaurant                          38.63 USD

2022-04-27 * "Good Moods Market" "Buying groceries"
  Liabilities:US:Chase:Slate                      -112.93 USD
  Expenses:Food:Groceries                          112.93 USD

2022-04-28 balance Liabilities:US:Chase:Slate     -324.33 USD

2022-04-28 * "China Garden" "Eating out with Joe"
  Liabilities:US:Chase:Slate                       -24.10 USD
  Expenses:Food:Restaurant                          24.10 USD

2022-04-29 * "Jewel of Morroco" "Eating out after work"
  Liabilities:US:Chase:Slate                       -57.31 USD
  Expenses:Food:Restaurant                          57.31 USD

2022-05-01 * "Jewel of Morroco" "Eating out with Bill"
  Liabilities:US:Chase:Slate                       -35.64 USD
  Expenses:Food:Restaurant                          35.64 USD

2022-05-05 * "Kin Soy" "Eating out "
  Liabilities:US:Chase:Slate                       -32.40 USD
  Expenses:Food:Restaurant                          32.40 USD

2022-05-07 * "China Garden" "Eating out with Joe"
  Liabilities:US:Chase:Slate                       -44.31 USD
  Expenses:Food:Restaurant                          44.31 USD

2022-05-07 * "Metro Transport Authority" "Tram tickets"
  Liabilities:US:Chase:Slate                      -120.00 USD
  Expenses:Transport:Tram                          120.00 USD

2022-05-09 * "Chase:Slate" "Paying off credit card"
  Liabilities:US:Chase:Slate                       678.43 USD
  Assets:US:BofA:Checking                         -678.43 USD

2022-05-11 * "Goba Goba" "Eating out with Joe"
  Liabilities:US:Chase:Slate                       -40.34 USD
  Expenses:Food:Restaurant                          40.34 USD

2022-05-15 * "Rose Flower" "Eating out alone"
  Liabilities:US:Chase:Slate                       -45.75 USD
  Expenses:Food:Restaurant                          45.75 USD

2022-05-15 * "Good Moods Market" "Buying groceries"
  Liabilities:US:Chase:Slate                       -86.73 USD
  Expenses:Food:Groceries                           86.73 USD

2022-05-18 * "Jewel of Morroco" "Eating out "
  Liabilities:US:Chase:Slate                       -29.62 USD
  Expenses:Food:Restaurant                          29.62 USD

2022-05-21 * "Uncle Boons" "Eating out "
  Liabilities:US:Chase:Slate                       -35.43 USD
  Expenses:Food:Restaurant                          35.43 USD

2022-05-22 * "Cafe Modagor" "Eating out alone"
  Liabilities:US:Chase:Slate                       -34.79 USD
  Expenses:Food:Restaurant                          34.79 USD

2022-05-22 * "Corner Deli" "Buying groceries"
  Liabilities:US:Chase:Slate                       -60.46 USD
  Expenses:Food:Groceries                           60.46 USD

2022-05-26 balance Liabilities:US:Chase:Slate     -292.78 USD

2022-05-26 * "China Garden" "Eating out with work buddies"
  Liabilities:US:Chase:Slate                       -23.58 USD
  Expenses:Food:Restaurant                          23.58 USD

2022-05-30 * "Rose Flower" "Eating out with Bill"
  Liabilities:US:Chase:Slate                       -19.19 USD
  Expenses:Food:Restaurant                          19.19 USD

2022-06-02 * "Uncle Boons" "Eating out with Natasha"
  Liabilities:US:Chase:Slate                       -13.73 USD
  Expenses:Food:Restaurant                          13.73 USD

2022-06-03 * "Metro Transport Authority" "Tram tickets"
  Liabilities:US:Chase:Slate                      -120.00 USD
  Expenses:Transport:Tram                          120.00 USD

2022-06-04 * "Good Moods Market" "Buying groceries"
  Liabilities:US:Chase:Slate                       -56.39 USD
  Expenses:Food:Groceries                           56.39 USD

2022-06-07 * "Uncle Boons" "Eating out with Natasha"
  Liabilities:US:Chase:Slate                       -31.24 USD
  Expenses:Food:Restaurant                          31.24 USD

2022-06-08 * "Rose Flower" "Eating out alone"
  Liabilities:US:Chase:Slate                       -52.35 USD
  Expenses:Food:Restaurant                          52.35 USD

2022-06-09 * "Jewel of Morroco" "Eating out with Bill"
  Liabilities:US:Chase:Slate                       -16.56 USD
  Expenses:Food:Restaurant                          16.56 USD

2022-06-09 * "Chase:Slate" "Paying off credit card"
  Liabilities:US:Chase:Slate                       625.82 USD
  Assets:US:BofA:Checking                         -625.82 USD

2022-06-14 * "Chichipotle" "Eating out after work"
  Liabilities:US:Chase:Slate                       -28.55 USD
  Expenses:Food:Restaurant                          28.55 USD

2022-06-14 * "Corner Deli" "Buying groceries"
  Liabilities:US:Chase:Slate                       -53.17 USD
  Expenses:Food:Groceries                           53.17 USD

2022-06-16 * "Chichipotle" "Eating out with Natasha"
  Liabilities:US:Chase:Slate                       -15.46 USD
  Expenses:Food:Restaurant                          15.46 USD

2022-06-19 * "Onion Market" "Buying groceries"
  Liabilities:US:Chase:Slate                       -63.07 USD
  Expenses:Food:Groceries                           63.07 USD

2022-06-21 * "Goba Goba" "Eating out with work buddies"
  Liabilities:US:Chase:Slate                       -27.51 USD
  Expenses:Food:Restaurant                          27.51 USD

2022-06-22 * "Kin Soy" "Eating out with Bill"
  Liabilities:US:Chase:Slate                       -27.84 USD
  Expenses:Food:Restaurant                          27.84 USD

2022-06-24 balance Liabilities:US:Chase:Slate     -215.60 USD

2022-06-24 * "Uncle Boons" "Eating out with work buddies"
  Liabilities:US:Chase:Slate                       -24.38 USD
  Expenses:Food:Restaurant                          24.38 USD

2022-06-28 * "Jewel of Morroco" "Eating out after work"
  Liabilities:US:Chase:Slate                       -21.28 USD
  Expenses:Food:Restaurant                          21.28 USD

2022-06-30 * "Metro Transport Authority" "Tram tickets"
  Liabilities:US:Chase:Slate                      -120.00 USD
  Expenses:Transport:Tram                          120.00 USD

2022-07-01 * "Cafe Modagor" "Eating out "
  Liabilities:US:Chase:Slate                       -74.75 USD
  Expenses:Food:Restaurant                          74.75 USD

2022-07-02 * "Rose Flower" "Eating out with Julie"
  Liabilities:US:Chase:Slate                       -51.73 USD
  Expenses:Food:Restaurant                          51.73 USD

2022-07-05 * "Onion Market" "Buying groceries"
  Liabilities:US:Chase:Slate                       -56.69 USD
  Expenses:Food:Groceries                           56.69 USD

2022-07-06 * "Kin Soy" "Eating out with Joe"
  Liabilities:US:Chase:Slate                       -25.81 USD
  Expenses:Food:Restaurant                          25.81 USD

2022-07-07 * "Chase:Slate" "Paying off credit card"
  Liabilities:US:Chase:Slate                       606.01 USD
  Assets:US:BofA:Checking                         -606.01 USD

2022-07-08 * "Chichipotle" "Eating out with work buddies"
  Liabilities:US:Chase:Slate                       -15.77 USD
  Expenses:Food:Restaurant                          15.77 USD

2022-07-10 * "Jewel of Morroco" "Eating out with Julie"
  Liabilities:US:Chase:Slate                       -46.70 USD
  Expenses:Food:Restaurant                          46.70 USD

2022-07-15 * "Jewel of Morroco" "Eating out with Julie"
  Liabilities:US:Chase:Slate                       -34.57 USD
  Expenses:Food:Restaurant                          34.57 USD

2022-07-17 balance Liabilities:US:Chase:Slate      -81.27 USD

2022-07-20 * "Goba Goba" "Eating out with Joe"
  Liabilities:US:Chase:Slate                       -63.75 USD
  Expenses:Food:Restaurant                          63.75 USD

2022-07-21 * "Onion Market" "Buying groceries"
  Liabilities:US:Chase:Slate                       -77.54 USD
  Expenses:Food:Groceries                           77.54 USD

2022-07-22 * "Kin Soy" "Eating out with Natasha"
  Liabilities:US:Chase:Slate                       -34.28 USD
  Expenses:Food:Restaurant                          34.28 USD

2022-07-24 * "Cafe Modagor" "Eating out alone"
  Liabilities:US:Chase:Slate                       -42.02 USD
  Expenses:Food:Restaurant                          42.02 USD

2022-07-27 * "Jewel of Morroco" "Eating out after work"
  Liabilities:US:Chase:Slate                       -16.44 USD
  Expenses:Food:Restaurant                          16.44 USD

2022-07-29 * "Metro Transport Authority" "Tram tickets"
  Liabilities:US:Chase:Slate                      -120.00 USD
  Expenses:Transport:Tram                          120.00 USD

2022-07-31 * "Jewel of Morroco" "Eating out with Natasha"
  Liabilities:US:Chase:Slate                       -32.74 USD
  Expenses:Food:Restaurant                          32.74 USD

2022-08-05 * "Chichipotle" "Eating out with Joe"
  Liabilities:US:Chase:Slate                       -33.91 USD
  Expenses:Food:Restaurant                          33.91 USD

2022-08-06 * "Farmer Fresh" "Buying groceries"
  Liabilities:US:Chase:Slate                       -90.30 USD
  Expenses:Food:Groceries                           90.30 USD

2022-08-09 * "Uncle Boons" "Eating out with Joe"
  Liabilities:US:Chase:Slate                       -15.37 USD
  Expenses:Food:Restaurant                          15.37 USD

2022-08-11 * "Chase:Slate" "Paying off credit card"
  Liabilities:US:Chase:Slate                       631.08 USD
  Assets:US:BofA:Checking                         -631.08 USD

2022-08-12 * "Rose Flower" "Eating out with Julie"
  Liabilities:US:Chase:Slate                       -23.46 USD
  Expenses:Food:Restaurant                          23.46 USD

2022-08-16 balance Liabilities:US:Chase:Slate           0 USD

2022-08-17 * "Jewel of Morroco" "Eating out with Joe"
  Liabilities:US:Chase:Slate                       -29.04 USD
  Expenses:Food:Restaurant                          29.04 USD

2022-08-18 * "Uncle Boons" "Eating out with work buddies"
  Liabilities:US:Chase:Slate                       -41.56 USD
  Expenses:Food:Restaurant                          41.56 USD

2022-08-21 * "China Garden" "Eating out with Julie"
  Liabilities:US:Chase:Slate                       -15.84 USD
  Expenses:Food:Restaurant                          15.84 USD

2022-08-22 * "China Garden" "Eating out with Julie"
  Liabilities:US:Chase:Slate                       -30.47 USD
  Expenses:Food:Restaurant                          30.47 USD

2022-08-22 * "Corner Deli" "Buying groceries"
  Liabilities:US:Chase:Slate                       -60.38 USD
  Expenses:Food:Groceries                           60.38 USD

2022-08-25 * "Metro Transport Authority" "Tram tickets"
  Liabilities:US:Chase:Slate                      -120.00 USD
  Expenses:Transport:Tram                          120.00 USD

2022-08-27 * "Uncle Boons" "Eating out after work"
  Liabilities:US:Chase:Slate                       -37.95 USD
  Expenses:Food:Restaurant                          37.95 USD

2022-08-28 event "location" "San Francisco"

2022-08-29 * "Waterbar" "" #trip-san-francisco-2022
  Liabilities:US:Chase:Slate                       -43.55 USD
  Expenses:Food:Restaurant                          43.55 USD

2022-08-29 * "Mission Chinese Food" "" #trip-san-francisco-2022
  Liabilities:US:Chase:Slate                       -26.24 USD
  Expenses:Food:Restaurant                          26.24 USD

2022-08-29 * "Starbucks" "" #trip-san-francisco-2022
  Liabilities:US:Chase:Slate                        -4.53 USD
  Expenses:Food:Coffee                               4.53 USD

2022-08-30 * "Starbucks" "" #trip-san-francisco-2022
  Liabilities:US:Chase:Slate                        -6.04 USD
  Expenses:Food:Coffee                               6.04 USD

2022-09-01 * "Waterbar" "" #trip-san-francisco-2022
  Liabilities:US:Chase:Slate                       -42.00 USD
  Expenses:Food:Restaurant                          42.00 USD

2022-09-02 * "Pizza Delfina" "" #trip-san-francisco-2022
  Liabilities:US:Chase:Slate                       -18.50 USD
  Expenses:Food:Restaurant                          18.50 USD

2022-09-02 * "Starbucks" "" #trip-san-francisco-2022
  Liabilities:US:Chase:Slate                        -5.31 USD
  Expenses:Food:Coffee                               5.31 USD

2022-09-03 * "Bar Crudo" "" #trip-san-francisco-2022
  Liabilities:US:Chase:Slate                       -58.27 USD
  Expenses:Food:Restaurant                          58.27 USD

2022-09-03 * "Waterbar" "" #trip-san-francisco-2022
  Liabilities:US:Chase:Slate                       -50.21 USD
  Expenses:Food:Restaurant                          50.21 USD

2022-09-04 * "Waterbar" "" #trip-san-francisco-2022
  Liabilities:US:Chase:Slate                       -33.20 USD
  Expenses:Food:Restaurant                          33.20 USD

2022-09-04 * "Mission Chinese Food" "" #trip-san-francisco-2022
  Liabilities:US:Chase:Slate                       -25.10 USD
  Expenses:Food:Restaurant                          25.10 USD

2022-09-04 * "Starbucks" "" #trip-san-francisco-2022
  Liabilities:US:Chase:Slate                        -6.40 USD
  Expenses:Food:Coffee                               6.40 USD

2022-09-05 * "Pizza Delfina" "" #trip-san-francisco-2022
  Liabilities:US:Chase:Slate                       -19.43 USD
  Expenses:Food:Restaurant                          19.43 USD

2022-09-05 * "Mission Chinese Food" "" #trip-san-francisco-2022
  Liabilities:US:Chase:Slate                       -31.52 USD
  Expenses:Food:Restaurant                          31.52 USD

2022-09-06 * "Waterbar" "" #trip-san-francisco-2022
  Liabilities:US:Chase:Slate                       -44.17 USD
  Expenses:Food:Restaurant                          44.17 USD

2022-09-07 * "Bar Crudo" "" #trip-san-francisco-2022
  Liabilities:US:Chase:Slate                       -66.24 USD
  Expenses:Food:Restaurant                          66.24 USD

2022-09-07 * "Mission Chinese Food" "" #trip-san-francisco-2022
  Liabilities:US:Chase:Slate                       -29.59 USD
  Expenses:Food:Restaurant                          29.59 USD

2022-09-07 * "Chase:Slate" "Paying off credit card"
  Liabilities:US:Chase:Slate                       366.04 USD
  Assets:US:BofA:Checking                         -366.04 USD

2022-09-08 * "Bar Crudo" "" #trip-san-francisco-2022
  Liabilities:US:Chase:Slate                       -59.69 USD
  Expenses:Food:Restaurant                          59.69 USD

2022-09-08 * "Mission Chinese Food" "" #trip-san-francisco-2022
  Liabilities:US:Chase:Slate                       -23.91 USD
  Expenses:Food:Restaurant                          23.91 USD

2022-09-08 * "Consume vacation days"
  Assets:US:Hooli:Vacation                            -88 VACHR
  Expenses:Vacation                                    88 VACHR

2022-09-08 event "location" "New Metropolis"

2022-09-10 * "Goba Goba" "Eating out after work"
  Liabilities:US:Chase:Slate                       -30.80 USD
  Expenses:Food:Restaurant                          30.80 USD

2022-09-11 * "Onion Market" "Buying groceries"
  Liabilities:US:Chase:Slate                      -138.57 USD
  Expenses:Food:Groceries                          138.57 USD

2022-09-14 balance Liabilities:US:Chase:Slate     -732.47 USD

2022-09-15 * "Kin Soy" "Eating out "
  Liabilities:US:Chase:Slate                       -55.83 USD
  Expenses:Food:Restaurant                          55.83 USD

2022-09-18 * "Chichipotle" "Eating out with Natasha"
  Liabilities:US:Chase:Slate                       -39.74 USD
  Expenses:Food:Restaurant                          39.74 USD

2022-09-19 * "Kin Soy" "Eating out after work"
  Liabilities:US:Chase:Slate                       -24.83 USD
  Expenses:Food:Restaurant                          24.83 USD

2022-09-22 * "Cafe Modagor" "Eating out with work buddies"
  Liabilities:US:Chase:Slate                       -36.64 USD
  Expenses:Food:Restaurant                          36.64 USD

2022-09-23 * "Metro Transport Authority" "Tram tickets"
  Liabilities:US:Chase:Slate                      -120.00 USD
  Expenses:Transport:Tram                          120.00 USD

2022-09-26 * "Rose Flower" "Eating out "
  Liabilities:US:Chase:Slate                       -30.85 USD
  Expenses:Food:Restaurant                          30.85 USD

2022-09-27 * "China Garden" "Eating out after work"
  Liabilities:US:Chase:Slate                       -38.12 USD
  Expenses:Food:Restaurant                          38.12 USD

2022-09-30 * "Cafe Modagor" "Eating out "
  Liabilities:US:Chase:Slate                       -36.81 USD
  Expenses:Food:Restaurant                          36.81 USD

2022-10-01 * "Good Moods Market" "Buying groceries"
  Liabilities:US:Chase:Slate                       -77.72 USD
  Expenses:Food:Groceries                           77.72 USD

2022-10-02 * "China Garden" "Eating out with Julie"
  Liabilities:US:Chase:Slate                       -14.55 USD
  Expenses:Food:Restaurant                          14.55 USD

2022-10-06 * "Rose Flower" "Eating out after work"
  Liabilities:US:Chase:Slate                       -37.32 USD
  Expenses:Food:Restaurant                          37.32 USD

2022-10-08 * "Uncle Boons" "Eating out alone"
  Liabilities:US:Chase:Slate                       -50.49 USD
  Expenses:Food:Restaurant                          50.49 USD

2022-10-08 * "Chase:Slate" "Paying off credit card"
  Liabilities:US:Chase:Slate                       701.47 USD
  Assets:US:BofA:Checking                         -701.47 USD

2022-10-09 * "Cafe Modagor" "Eating out with Bill"
  Liabilities:US:Chase:Slate                       -57.66 USD
  Expenses:Food:Restaurant                          57.66 USD

2022-10-12 balance Liabilities:US:Chase:Slate     -651.56 USD

2022-10-14 * "Jewel of Morroco" "Eating out with Julie"
  Liabilities:US:Chase:Slate                       -62.65 USD
  Expenses:Food:Restaurant                          62.65 USD

2022-10-15 * "Good Moods Market" "Buying groceries"
  Liabilities:US:Chase:Slate                       -85.35 USD
  Expenses:Food:Groceries                           85.35 USD

2022-10-17 * "Kin Soy" "Eating out with Natasha"
  Liabilities:US:Chase:Slate                       -33.24 USD
  Expenses:Food:Restaurant                          33.24 USD

2022-10-20 * "Chichipotle" "Eating out with Joe"
  Liabilities:US:Chase:Slate                       -51.16 USD
  Expenses:Food:Restaurant                          51.16 USD

2022-10-21 * "Cafe Modagor" "Eating out with Bill"
  Liabilities:US:Chase:Slate                       -45.20 USD
  Expenses:Food:Restaurant                          45.20 USD

2022-10-24 * "China Garden" "Eating out after work"
  Liabilities:US:Chase:Slate                       -50.90 USD
  Expenses:Food:Restaurant                          50.90 USD

2022-10-24 * "Onion Market" "Buying groceries"
  Liabilities:US:Chase:Slate                       -65.83 USD
  Expenses:Food:Groceries                           65.83 USD

2022-10-24 * "Metro Transport Authority" "Tram tickets"
  Liabilities:US:Chase:Slate                      -120.00 USD
  Expenses:Transport:Tram                          120.00 USD

2022-10-28 * "Cafe Modagor" "Eating out after work"
  Liabilities:US:Chase:Slate                       -15.90 USD
  Expenses:Food:Restaurant                          15.90 USD

2022-10-31 * "Kin Soy" "Eating out with Julie"
  Liabilities:US:Chase:Slate                       -38.76 USD
  Expenses:Food:Restaurant                          38.76 USD

2022-11-03 balance Liabilities:US:Chase:Slate    -1220.55 USD

2022-11-04 * "Goba Goba" "Eating out with Natasha"
  Liabilities:US:Chase:Slate                       -25.77 USD
  Expenses:Food:Restaurant                          25.77 USD

2022-11-05 * "Goba Goba" "Eating out alone"
  Liabilities:US:Chase:Slate                       -24.71 USD
  Expenses:Food:Restaurant                          24.71 USD

2022-11-09 * "Goba Goba" "Eating out with Natasha"
  Liabilities:US:Chase:Slate                       -24.68 USD
  Expenses:Food:Restaurant                          24.68 USD

2022-11-09 * "Corner Deli" "Buying groceries"
  Liabilities:US:Chase:Slate                       -70.95 USD
  Expenses:Food:Groceries                           70.95 USD

2022-11-09 * "Chase:Slate" "Paying off credit card"
  Liabilities:US:Chase:Slate                       701.81 USD
  Assets:US:BofA:Checking                         -701.81 USD

2022-11-11 * "Chichipotle" "Eating out with Joe"
  Liabilities:US:Chase:Slate                       -40.20 USD
  Expenses:Food:Restaurant                          40.20 USD

2022-11-13 * "Jewel of Morroco" "Eating out with Joe"
  Liabilities:US:Chase:Slate                       -40.16 USD
  Expenses:Food:Restaurant                          40.16 USD

2022-11-16 * "Goba Goba" "Eating out with Natasha"
  Liabilities:US:Chase:Slate                       -20.66 USD
  Expenses:Food:Restaurant                          20.66 USD

2022-11-16 * "Farmer Fresh" "Buying groceries"
  Liabilities:US:Chase:Slate                      -112.15 USD
  Expenses:Food:Groceries                          112.15 USD

2022-11-21 * "Uncle Boons" "Eating out with Julie"
  Liabilities:US:Chase:Slate                       -27.20 USD
  Expenses:Food:Restaurant                          27.20 USD

2022-11-24 * "Metro Transport Authority" "Tram tickets"
  Liabilities:US:Chase:Slate                      -120.00 USD
  Expenses:Transport:Tram                          120.00 USD

2022-11-25 * "Cafe Modagor" "Eating out with Julie"
  Liabilities:US:Chase:Slate                       -42.42 USD
  Expenses:Food:Restaurant                          42.42 USD

2022-11-26 * "Goba Goba" "Eating out "
  Liabilities:US:Chase:Slate                       -39.03 USD
  Expenses:Food:Restaurant                          39.03 USD

2022-11-28 * "Goba Goba" "Eating out with work buddies"
  Liabilities:US:Chase:Slate                       -33.88 USD
  Expenses:Food:Restaurant                          33.88 USD

2022-11-29 balance Liabilities:US:Chase:Slate    -1140.55 USD

2022-11-30 * "China Garden" "Eating out with Bill"
  Liabilities:US:Chase:Slate                       -21.53 USD
  Expenses:Food:Restaurant                          21.53 USD

2022-11-30 * "Farmer Fresh" "Buying groceries"
  Liabilities:US:Chase:Slate                       -70.57 USD
  Expenses:Food:Groceries                           70.57 USD

2022-12-03 * "China Garden" "Eating out after work"
  Liabilities:US:Chase:Slate                       -31.86 USD
  Expenses:Food:Restaurant                          31.86 USD

2022-12-06 * "Onion Market" "Buying groceries"
  Liabilities:US:Chase:Slate                       -66.08 USD
  Expenses:Food:Groceries                           66.08 USD

2022-12-07 * "Rose Flower" "Eating out with work buddies"
  Liabilities:US:Chase:Slate                       -20.95 USD
  Expenses:Food:Restaurant                          20.95 USD

2022-12-10 * "Chase:Slate" "Paying off credit card"
  Liabilities:US:Chase:Slate                       810.00 USD
  Assets:US:BofA:Checking                         -810.00 USD

2022-12-11 * "Goba Goba" "Eating out after work"
  Liabilities:US:Chase:Slate                       -52.36 USD
  Expenses:Food:Restaurant                          52.36 USD

2022-12-14 * "Kin Soy" "Eating out with Bill"
  Liabilities:US:Chase:Slate                       -37.66 USD
  Expenses:Food:Restaurant                          37.66 USD

2022-12-15 * "Corner Deli" "Buying groceries"
  Liabilities:US:Chase:Slate                       -82.68 USD
  Expenses:Food:Groceries                           82.68 USD

2022-12-16 * "Rose Flower" "Eating out after work"
  Liabilities:US:Chase:Slate                       -25.00 USD
  Expenses:Food:Restaurant                          25.00 USD

2022-12-21 * "Jewel of Morroco" "Eating out with Julie"
  Liabilities:US:Chase:Slate                       -33.54 USD
  Expenses:Food:Restaurant                          33.54 USD

2022-12-25 * "Metro Transport Authority" "Tram tickets"
  Liabilities:US:Chase:Slate                      -120.00 USD
  Expenses:Transport:Tram                          120.00 USD

2022-12-26 balance Liabilities:US:Chase:Slate     -892.78 USD

2022-12-26 * "Rose Flower" "Eating out with Julie"
  Liabilities:US:Chase:Slate                       -24.50 USD
  Expenses:Food:Restaurant                          24.50 USD

2022-12-29 * "Rose Flower" "Eating out after work"
  Liabilities:US:Chase:Slate                       -34.46 USD
  Expenses:Food:Restaurant                          34.46 USD

2023-01-01 * "Corner Deli" "Buying groceries"
  Liabilities:US:Chase:Slate                      -116.15 USD
  Expenses:Food:Groceries                          116.15 USD

2023-01-03 * "Chichipotle" "Eating out "
  Liabilities:US:Chase:Slate                       -18.39 USD
  Expenses:Food:Restaurant                          18.39 USD

2023-01-06 * "Cafe Modagor" "Eating out with Joe"
  Liabilities:US:Chase:Slate                       -22.76 USD
  Expenses:Food:Restaurant                          22.76 USD

2023-01-09 * "Jewel of Morroco" "Eating out with Joe"
  Liabilities:US:Chase:Slate                       -30.90 USD
  Expenses:Food:Restaurant                          30.90 USD

2023-01-09 * "Chase:Slate" "Paying off credit card"
  Liabilities:US:Chase:Slate                       546.04 USD
  Assets:US:BofA:Checking                         -546.04 USD

2023-01-12 * "Chichipotle" "Eating out "
  Liabilities:US:Chase:Slate                       -24.07 USD
  Expenses:Food:Restaurant                          24.07 USD

2023-01-13 * "Good Moods Market" "Buying groceries"
  Liabilities:US:Chase:Slate                       -45.67 USD
  Expenses:Food:Groceries                           45.67 USD

2023-01-15 * "Rose Flower" "Eating out with work buddies"
  Liabilities:US:Chase:Slate                       -32.83 USD
  Expenses:Food:Restaurant                          32.83 USD

2023-01-17 balance Liabilities:US:Chase:Slate     -696.47 USD

2023-01-20 * "Cafe Modagor" "Eating out with Natasha"
  Liabilities:US:Chase:Slate                       -14.55 USD
  Expenses:Food:Restaurant                          14.55 USD

2023-01-21 * "Metro Transport Authority" "Tram tickets"
  Liabilities:US:Chase:Slate                      -120.00 USD
  Expenses:Transport:Tram                          120.00 USD

2023-01-22 * "Goba Goba" "Eating out with Bill"
  Liabilities:US:Chase:Slate                       -19.95 USD
  Expenses:Food:Restaurant                          19.95 USD

2023-01-24 * "Uncle Boons" "Eating out with Natasha"
  Liabilities:US:Chase:Slate                       -16.79 USD
  Expenses:Food:Restaurant                          16.79 USD

2023-01-29 * "China Garden" "Eating out after work"
  Liabilities:US:Chase:Slate                       -18.75 USD
  Expenses:Food:Restaurant                          18.75 USD

2023-02-01 * "Uncle Boons" "Eating out with work buddies"
  Liabilities:US:Chase:Slate                       -41.93 USD
  Expenses:Food:Restaurant                          41.93 USD

2023-02-02 * "Farmer Fresh" "Buying groceries"
  Liabilities:US:Chase:Slate                      -112.45 USD
  Expenses:Food:Groceries                          112.45 USD

2023-02-05 * "Uncle Boons" "Eating out with Joe"
  Liabilities:US:Chase:Slate                       -31.72 USD
  Expenses:Food:Restaurant                          31.72 USD

2023-02-08 * "Jewel of Morroco" "Eating out with Julie"
  Liabilities:US:Chase:Slate                       -41.42 USD
  Expenses:Food:Restaurant                          41.42 USD

2023-02-09 * "Jewel of Morroco" "Eating out after work"
  Liabilities:US:Chase:Slate                       -27.22 USD
  Expenses:Food:Restaurant                          27.22 USD

2023-02-10 * "Chase:Slate" "Paying off credit card"
  Liabilities:US:Chase:Slate                       595.99 USD
  Assets:US:BofA:Checking                         -595.99 USD

2023-02-12 balance Liabilities:US:Chase:Slate     -545.26 USD

2023-02-14 * "Rose Flower" "Eating out with Julie"
  Liabilities:US:Chase:Slate                       -48.64 USD
  Expenses:Food:Restaurant                          48.64 USD

2023-02-16 * "Cafe Modagor" "Eating out with Julie"
  Liabilities:US:Chase:Slate                       -21.09 USD
  Expenses:Food:Restaurant                          21.09 USD

2023-02-17 * "Rose Flower" "Eating out with Joe"
  Liabilities:US:Chase:Slate                       -19.53 USD
  Expenses:Food:Restaurant                          19.53 USD

2023-02-18 * "Jewel of Morroco" "Eating out with Bill"
  Liabilities:US:Chase:Slate                       -48.42 USD
  Expenses:Food:Restaurant                          48.42 USD

2023-02-19 * "China Garden" "Eating out alone"
  Liabilities:US:Chase:Slate                       -45.13 USD
  Expenses:Food:Restaurant                          45.13 USD

2023-02-21 * "Good Moods Market" "Buying groceries"
  Liabilities:US:Chase:Slate                       -77.87 USD
  Expenses:Food:Groceries                           77.87 USD

2023-02-21 * "Metro Transport Authority" "Tram tickets"
  Liabilities:US:Chase:Slate                      -120.00 USD
  Expenses:Transport:Tram                          120.00 USD

2023-02-24 * "Kin Soy" "Eating out with Julie"
  Liabilities:US:Chase:Slate                       -31.53 USD
  Expenses:Food:Restaurant                          31.53 USD

2023-02-25 * "Jewel of Morroco" "Eating out with work buddies"
  Liabilities:US:Chase:Slate                       -24.50 USD
  Expenses:Food:Restaurant                          24.50 USD

2023-02-28 * "China Garden" "Eating out "
  Liabilities:US:Chase:Slate                       -34.05 USD
  Expenses:Food:Restaurant                          34.05 USD

2023-03-02 * "Jewel of Morroco" "Eating out with Natasha"
  Liabilities:US:Chase:Slate                       -27.86 USD
  Expenses:Food:Restaurant                          27.86 USD

2023-03-03 * "Farmer Fresh" "Buying groceries"
  Liabilities:US:Chase:Slate                       -80.93 USD
  Expenses:Food:Groceries                           80.93 USD

2023-03-06 * "China Garden" "Eating out with Natasha"
  Liabilities:US:Chase:Slate                       -23.43 USD
  Expenses:Food:Restaurant                          23.43 USD

2023-03-07 * "Uncle Boons" "Eating out alone"
  Liabilities:US:Chase:Slate                       -34.47 USD
  Expenses:Food:Restaurant                          34.47 USD

2023-03-08 * "Chase:Slate" "Paying off credit card"
  Liabilities:US:Chase:Slate                       629.06 USD
  Assets:US:BofA:Checking                         -629.06 USD

2023-03-11 * "Rose Flower" "Eating out with Natasha"
  Liabilities:US:Chase:Slate                       -40.25 USD
  Expenses:Food:Restaurant                          40.25 USD

2023-03-12 balance Liabilities:US:Chase:Slate     -593.90 USD

2023-03-13 * "Jewel of Morroco" "Eating out with Julie"
  Liabilities:US:Chase:Slate                       -44.44 USD
  Expenses:Food:Restaurant                          44.44 USD

2023-03-13 * "Good Moods Market" "Buying groceries"
  Liabilities:US:Chase:Slate                       -63.61 USD
  Expenses:Food:Groceries                           63.61 USD

2023-03-17 * "Uncle Boons" "Eating out with Natasha"
  Liabilities:US:Chase:Slate                       -20.06 USD
  Expenses:Food:Restaurant                          20.06 USD

2023-03-18 * "Chichipotle" "Eating out with Bill"
  Liabilities:US:Chase:Slate                       -19.26 USD
  Expenses:Food:Restaurant                          19.26 USD

2023-03-19 * "Corner Deli" "Buying groceries"
  Liabilities:US:Chase:Slate                       -77.47 USD
  Expenses:Food:Groceries                           77.47 USD

2023-03-20 * "Uncle Boons" "Eating out alone"
  Liabilities:US:Chase:Slate                       -34.66 USD
  Expenses:Food:Restaurant                          34.66 USD

2023-03-24 * "Goba Goba" "Eating out with Julie"
  Liabilities:US:Chase:Slate                       -18.66 USD
  Expenses:Food:Restaurant                          18.66 USD

2023-03-25 * "Uncle Boons" "Eating out after work"
  Liabilities:US:Chase:Slate                       -25.52 USD
  Expenses:Food:Restaurant                          25.52 USD

2023-03-25 * "Metro Transport Authority" "Tram tickets"
  Liabilities:US:Chase:Slate                      -120.00 USD
  Expenses:Transport:Tram                          120.00 USD

2023-03-30 * "Uncle Boons" "Eating out after work"
  Liabilities:US:Chase:Slate                       -25.65 USD
  Expenses:Food:Restaurant                          25.65 USD

2023-04-01 balance Liabilities:US:Chase:Slate    -1043.23 USD

2023-04-02 * "Kin Soy" "Eating out with Natasha"
  Liabilities:US:Chase:Slate                       -31.14 USD
  Expenses:Food:Restaurant                          31.14 USD

2023-04-02 * "Corner Deli" "Buying groceries"
  Liabilities:US:Chase:Slate                       -65.88 USD
  Expenses:Food:Groceries                           65.88 USD

2023-04-06 * "Goba Goba" "Eating out with Bill"
  Liabilities:US:Chase:Slate                       -28.75 USD
  Expenses:Food:Restaurant                          28.75 USD

2023-04-08 * "Uncle Boons" "Eating out after work"
  Liabilities:US:Chase:Slate                       -27.38 USD
  Expenses:Food:Restaurant                          27.38 USD

2023-04-10 * "Chase:Slate" "Paying off credit card"
  Liabilities:US:Chase:Slate                       646.85 USD
  Assets:US:BofA:Checking                         -646.85 USD

2023-04-12 * "Cafe Modagor" "Eating out with work buddies"
  Liabilities:US:Chase:Slate                       -44.37 USD
  Expenses:Food:Restaurant                          44.37 USD

2023-04-16 * "Cafe Modagor" "Eating out with Joe"
  Liabilities:US:Chase:Slate                       -20.35 USD
  Expenses:Food:Restaurant                          20.35 USD

2023-04-18 * "Uncle Boons" "Eating out with Natasha"
  Liabilities:US:Chase:Slate                       -27.59 USD
  Expenses:Food:Restaurant                          27.59 USD

2023-04-19 * "Rose Flower" "Eating out "
  Liabilities:US:Chase:Slate                       -42.23 USD
  Expenses:Food:Restaurant                          42.23 USD

2023-04-21 * "Corner Deli" "Buying groceries"
  Liabilities:US:Chase:Slate                      -104.01 USD
  Expenses:Food:Groceries                          104.01 USD

2023-04-23 * "Rose Flower" "Eating out "
  Liabilities:US:Chase:Slate                       -33.63 USD
  Expenses:Food:Restaurant                          33.63 USD

2023-04-24 * "Metro Transport Authority" "Tram tickets"
  Liabilities:US:Chase:Slate                      -120.00 USD
  Expenses:Transport:Tram                          120.00 USD

2023-04-27 * "Chichipotle" "Eating out alone"
  Liabilities:US:Chase:Slate                       -13.23 USD
  Expenses:Food:Restaurant                          13.23 USD

2023-04-29 balance Liabilities:US:Chase:Slate     -954.94 USD

2023-04-29 * "Cafe Modagor" "Eating out after work"
  Liabilities:US:Chase:Slate                       -30.48 USD
  Expenses:Food:Restaurant                          30.48 USD

2023-05-02 * "Goba Goba" "Eating out with Joe"
  Liabilities:US:Chase:Slate                       -13.86 USD
  Expenses:Food:Restaurant                          13.86 USD

2023-05-05 * "Kin Soy" "Eating out with Natasha"
  Liabilities:US:Chase:Slate                       -42.22 USD
  Expenses:Food:Restaurant                          42.22 USD

2023-05-06 * "Good Moods Market" "Buying groceries"
  Liabilities:US:Chase:Slate                       -68.13 USD
  Expenses:Food:Groceries                           68.13 USD

2023-05-10 * "Cafe Modagor" "Eating out with Joe"
  Liabilities:US:Chase:Slate                       -39.36 USD
  Expenses:Food:Restaurant                          39.36 USD

2023-05-10 * "Chase:Slate" "Paying off credit card"
  Liabilities:US:Chase:Slate                       555.09 USD
  Assets:US:BofA:Checking                         -555.09 USD

2023-05-12 * "Cafe Modagor" "Eating out after work"
  Liabilities:US:Chase:Slate                       -49.99 USD
  Expenses:Food:Restaurant                          49.99 USD

2023-05-16 * "Rose Flower" "Eating out with Julie"
  Liabilities:US:Chase:Slate                       -32.09 USD
  Expenses:Food:Restaurant                          32.09 USD

2023-05-21 * "China Garden" "Eating out with Julie"
  Liabilities:US:Chase:Slate                       -19.65 USD
  Expenses:Food:Restaurant                          19.65 USD

2023-05-25 * "Kin Soy" "Eating out with Bill"
  Liabilities:US:Chase:Slate                       -30.84 USD
  Expenses:Food:Restaurant                          30.84 USD

2023-05-26 * "Farmer Fresh" "Buying groceries"
  Liabilities:US:Chase:Slate                      -121.76 USD
  Expenses:Food:Groceries                          121.76 USD

2023-05-26 * "Metro Transport Authority" "Tram tickets"
  Liabilities:US:Chase:Slate                      -120.00 USD
  Expenses:Transport:Tram                          120.00 USD

2023-05-28 balance Liabilities:US:Chase:Slate     -968.23 USD

2023-05-29 * "Goba Goba" "Eating out after work"
  Liabilities:US:Chase:Slate                       -35.14 USD
  Expenses:Food:Restaurant                          35.14 USD

2023-05-30 * "Cafe Modagor" "Eating out with Natasha"
  Liabilities:US:Chase:Slate                       -44.39 USD
  Expenses:Food:Restaurant                          44.39 USD

2023-06-04 * "Cafe Modagor" "Eating out with Bill"
  Liabilities:US:Chase:Slate                       -17.03 USD
  Expenses:Food:Restaurant                          17.03 USD

2023-06-05 * "Jewel of Morroco" "Eating out alone"
  Liabilities:US:Chase:Slate                       -90.36 USD
  Expenses:Food:Restaurant                          90.36 USD

2023-06-06 * "Cafe Modagor" "Eating out alone"
  Liabilities:US:Chase:Slate                       -34.59 USD
  Expenses:Food:Restaurant                          34.59 USD

2023-06-06 * "Corner Deli" "Buying groceries"
  Liabilities:US:Chase:Slate                       -99.11 USD
  Expenses:Food:Groceries                           99.11 USD

2023-06-09 * "Chase:Slate" "Paying off credit card"
  Liabilities:US:Chase:Slate                       733.38 USD
  Assets:US:BofA:Checking                         -733.38 USD

2023-06-11 * "Rose Flower" "Eating out after work"
  Liabilities:US:Chase:Slate                       -38.43 USD
  Expenses:Food:Restaurant                          38.43 USD

2023-06-15 * "Onion Market" "Buying groceries"
  Liabilities:US:Chase:Slate                      -117.37 USD
  Expenses:Food:Groceries                          117.37 USD

2023-06-16 * "Rose Flower" "Eating out with Julie"
  Liabilities:US:Chase:Slate                       -37.47 USD
  Expenses:Food:Restaurant                          37.47 USD

2023-06-17 balance Liabilities:US:Chase:Slate     -748.74 USD

2023-06-21 * "Kin Soy" "Eating out with Bill"
  Liabilities:US:Chase:Slate                       -35.16 USD
  Expenses:Food:Restaurant                          35.16 USD

2023-06-26 * "Rose Flower" "Eating out alone"
  Liabilities:US:Chase:Slate                       -36.75 USD
  Expenses:Food:Restaurant                          36.75 USD

2023-06-26 * "Metro Transport Authority" "Tram tickets"
  Liabilities:US:Chase:Slate                      -120.00 USD
  Expenses:Transport:Tram                          120.00 USD

2023-06-29 * "Kin Soy" "Eating out "
  Liabilities:US:Chase:Slate                       -24.20 USD
  Expenses:Food:Restaurant                          24.20 USD

2023-07-01 * "Corner Deli" "Buying groceries"
  Liabilities:US:Chase:Slate                       -79.09 USD
  Expenses:Food:Groceries                           79.09 USD

2023-07-03 * "Chichipotle" "Eating out with Julie"
  Liabilities:US:Chase:Slate                       -30.89 USD
  Expenses:Food:Restaurant                          30.89 USD

2023-07-07 * "Chichipotle" "Eating out "
  Liabilities:US:Chase:Slate                       -19.30 USD
  Expenses:Food:Restaurant                          19.30 USD

2023-07-08 * "Farmer Fresh" "Buying groceries"
  Liabilities:US:Chase:Slate                       -98.93 USD
  Expenses:Food:Groceries                           98.93 USD

2023-07-10 balance Liabilities:US:Chase:Slate    -1193.06 USD

2023-07-11 * "Uncle Boons" "Eating out with Bill"
  Liabilities:US:Chase:Slate                       -38.63 USD
  Expenses:Food:Restaurant                          38.63 USD

2023-07-11 * "Chase:Slate" "Paying off credit card"
  Liabilities:US:Chase:Slate                       637.79 USD
  Assets:US:BofA:Checking                         -637.79 USD

2023-07-14 * "Uncle Boons" "Eating out with Joe"
  Liabilities:US:Chase:Slate                       -30.83 USD
  Expenses:Food:Restaurant                          30.83 USD

2023-07-15 * "Goba Goba" "Eating out with Bill"
  Liabilities:US:Chase:Slate                       -30.13 USD
  Expenses:Food:Restaurant                          30.13 USD

2023-07-16 * "Jewel of Morroco" "Eating out with Natasha"
  Liabilities:US:Chase:Slate                       -25.42 USD
  Expenses:Food:Restaurant                          25.42 USD

2023-07-16 * "Good Moods Market" "Buying groceries"
  Liabilities:US:Chase:Slate                       -49.03 USD
  Expenses:Food:Groceries                           49.03 USD

2023-07-18 * "China Garden" "Eating out with Julie"
  Liabilities:US:Chase:Slate                       -29.64 USD
  Expenses:Food:Restaurant                          29.64 USD

2023-07-21 * "Cafe Modagor" "Eating out with work buddies"
  Liabilities:US:Chase:Slate                       -38.66 USD
  Expenses:Food:Restaurant                          38.66 USD

2023-07-21 * "Corner Deli" "Buying groceries"
  Liabilities:US:Chase:Slate                       -64.92 USD
  Expenses:Food:Groceries                           64.92 USD

2023-07-22 * "Kin Soy" "Eating out with Julie"
  Liabilities:US:Chase:Slate                       -27.93 USD
  Expenses:Food:Restaurant                          27.93 USD

2023-07-23 * "Uncle Boons" "Eating out with work buddies"
  Liabilities:US:Chase:Slate                       -30.26 USD
  Expenses:Food:Restaurant                          30.26 USD

2023-07-24 * "Metro Transport Authority" "Tram tickets"
  Liabilities:US:Chase:Slate                      -120.00 USD
  Expenses:Transport:Tram                          120.00 USD

2023-07-25 * "Jewel of Morroco" "Eating out with Bill"
  Liabilities:US:Chase:Slate                       -41.93 USD
  Expenses:Food:Restaurant                          41.93 USD

2023-07-27 * "Cafe Modagor" "Eating out after work"
  Liabilities:US:Chase:Slate                       -15.48 USD
  Expenses:Food:Restaurant                          15.48 USD

2023-07-28 * "Uncle Boons" "Eating out alone"
  Liabilities:US:Chase:Slate                       -24.78 USD
  Expenses:Food:Restaurant                          24.78 USD

2023-07-29 * "Chichipotle" "Eating out with work buddies"
  Liabilities:US:Chase:Slate                       -19.25 USD
  Expenses:Food:Restaurant                          19.25 USD

2023-07-30 * "Goba Goba" "Eating out alone"
  Liabilities:US:Chase:Slate                       -22.84 USD
  Expenses:Food:Restaurant                          22.84 USD

2023-07-31 * "Farmer Fresh" "Buying groceries"
  Liabilities:US:Chase:Slate                       -91.28 USD
  Expenses:Food:Groceries                           91.28 USD

2023-08-01 * "China Garden" "Eating out with Julie"
  Liabilities:US:Chase:Slate                       -31.55 USD
  Expenses:Food:Restaurant                          31.55 USD

2023-08-06 * "Goba Goba" "Eating out "
  Liabilities:US:Chase:Slate                       -42.85 USD
  Expenses:Food:Restaurant                          42.85 USD

2023-08-08 balance Liabilities:US:Chase:Slate    -1330.68 USD

2023-08-09 * "Chichipotle" "Eating out with Natasha"
  Liabilities:US:Chase:Slate                       -31.00 USD
  Expenses:Food:Restaurant                          31.00 USD

2023-08-11 * "Cafe Modagor" "Eating out alone"
  Liabilities:US:Chase:Slate                       -33.94 USD
  Expenses:Food:Restaurant                          33.94 USD

2023-08-11 * "Chase:Slate" "Paying off credit card"
  Liabilities:US:Chase:Slate                       801.72 USD
  Assets:US:BofA:Checking                         -801.72 USD

2023-08-16 * "Kin Soy" "Eating out with Bill"
  Liabilities:US:Chase:Slate                       -37.72 USD
  Expenses:Food:Restaurant                          37.72 USD

2023-08-16 * "Good Moods Market" "Buying groceries"
  Liabilities:US:Chase:Slate                       -63.28 USD
  Expenses:Food:Groceries                           63.28 USD

2023-08-21 * "Jewel of Morroco" "Eating out "
  Liabilities:US:Chase:Slate                       -34.91 USD
  Expenses:Food:Restaurant                          34.91 USD

2023-08-24 * "Farmer Fresh" "Buying groceries"
  Liabilities:US:Chase:Slate                       -80.64 USD
  Expenses:Food:Groceries                           80.64 USD

2023-08-24 * "Metro Transport Authority" "Tram tickets"
  Liabilities:US:Chase:Slate                      -120.00 USD
  Expenses:Transport:Tram                          120.00 USD

2023-08-26 * "China Garden" "Eating out with work buddies"
  Liabilities:US:Chase:Slate                       -20.87 USD
  Expenses:Food:Restaurant                          20.87 USD

2023-08-28 * "Goba Goba" "Eating out with Bill"
  Liabilities:US:Chase:Slate                       -35.24 USD
  Expenses:Food:Restaurant                          35.24 USD

2023-08-29 * "Corner Deli" "Buying groceries"
  Liabilities:US:Chase:Slate                       -62.53 USD
  Expenses:Food:Groceries                           62.53 USD

2023-08-31 * "Rose Flower" "Eating out alone"
  Liabilities:US:Chase:Slate                       -27.98 USD
  Expenses:Food:Restaurant                          27.98 USD

2023-09-03 * "Uncle Boons" "Eating out "
  Liabilities:US:Chase:Slate                       -25.25 USD
  Expenses:Food:Restaurant                          25.25 USD

2023-09-04 balance Liabilities:US:Chase:Slate    -1102.32 USD

2023-09-05 * "Uncle Boons" "Eating out after work"
  Liabilities:US:Chase:Slate                       -19.80 USD
  Expenses:Food:Restaurant                          19.80 USD

2023-09-06 * "Goba Goba" "Eating out with Joe"
  Liabilities:US:Chase:Slate                       -18.37 USD
  Expenses:Food:Restaurant                          18.37 USD

2023-09-07 * "China Garden" "Eating out "
  Liabilities:US:Chase:Slate                       -14.16 USD
  Expenses:Food:Restaurant                          14.16 USD

2023-09-08 * "Rose Flower" "Eating out with Natasha"
  Liabilities:US:Chase:Slate                       -27.46 USD
  Expenses:Food:Restaurant                          27.46 USD

2023-09-09 * "Jewel of Morroco" "Eating out after work"
  Liabilities:US:Chase:Slate                       -44.03 USD
  Expenses:Food:Restaurant                          44.03 USD

2023-09-09 * "Onion Market" "Buying groceries"
  Liabilities:US:Chase:Slate                       -90.65 USD
  Expenses:Food:Groceries                           90.65 USD

2023-09-10 * "Chichipotle" "Eating out after work"
  Liabilities:US:Chase:Slate                       -36.37 USD
  Expenses:Food:Restaurant                          36.37 USD

2023-09-11 * "Chase:Slate" "Paying off credit card"
  Liabilities:US:Chase:Slate                       781.04 USD
  Assets:US:BofA:Checking                         -781.04 USD

2023-09-15 * "Uncle Boons" "Eating out with work buddies"
  Liabilities:US:Chase:Slate                       -21.78 USD
  Expenses:Food:Restaurant                          21.78 USD

2023-09-17 * "China Garden" "Eating out alone"
  Liabilities:US:Chase:Slate                       -19.87 USD
  Expenses:Food:Restaurant                          19.87 USD

2023-09-17 * "Corner Deli" "Buying groceries"
  Liabilities:US:Chase:Slate                      -108.98 USD
  Expenses:Food:Groceries                          108.98 USD

2023-09-20 * "Kin Soy" "Eating out with Julie"
  Liabilities:US:Chase:Slate                       -36.22 USD
  Expenses:Food:Restaurant                          36.22 USD

2023-09-25 * "Chichipotle" "Eating out alone"
  Liabilities:US:Chase:Slate                       -29.69 USD
  Expenses:Food:Restaurant                          29.69 USD

2023-09-25 * "Metro Transport Authority" "Tram tickets"
  Liabilities:US:Chase:Slate                      -120.00 USD
  Expenses:Transport:Tram                          120.00 USD

2023-09-28 * "Kin Soy" "Eating out alone"
  Liabilities:US:Chase:Slate                       -42.23 USD
  Expenses:Food:Restaurant                          42.23 USD

2023-09-29 balance Liabilities:US:Chase:Slate     -950.89 USD

2023-09-30 event "location" "New York"

2023-10-02 * "Takahachi" "" #trip-new-york-2023
  Liabilities:US:Chase:Slate                       -55.07 USD
  Expenses:Food:Restaurant                          55.07 USD

2023-10-02 * "Laut" "" #trip-new-york-2023
  Liabilities:US:Chase:Slate                       -29.98 USD
  Expenses:Food:Restaurant                          29.98 USD

2023-10-02 * "La Colombe" "" #trip-new-york-2023
  Liabilities:US:Chase:Slate                        -6.20 USD
  Expenses:Food:Coffee                               6.20 USD

2023-10-02 * "Gimme! Coffee" "" #trip-new-york-2023
  Liabilities:US:Chase:Slate                        -6.70 USD
  Expenses:Food:Coffee                               6.70 USD

2023-10-03 * "Takahachi" "" #trip-new-york-2023
  Liabilities:US:Chase:Slate                       -45.94 USD
  Expenses:Food:Restaurant                          45.94 USD

2023-10-03 * "Gimme! Coffee" "" #trip-new-york-2023
  Liabilities:US:Chase:Slate                        -5.57 USD
  Expenses:Food:Coffee                               5.57 USD

2023-10-04 * "Cafe Select" "" #trip-new-york-2023
  Liabilities:US:Chase:Slate                       -24.36 USD
  Expenses:Food:Restaurant                          24.36 USD

2023-10-04 * "Laut" "" #trip-new-york-2023
  Liabilities:US:Chase:Slate                       -35.95 USD
  Expenses:Food:Restaurant                          35.95 USD

2023-10-05 * "Uncle Boons" "" #trip-new-york-2023
  Liabilities:US:Chase:Slate                       -36.96 USD
  Expenses:Food:Restaurant                          36.96 USD

2023-10-05 * "Cafe Select" "" #trip-new-york-2023
  Liabilities:US:Chase:Slate                       -30.26 USD
  Expenses:Food:Restaurant                          30.26 USD

2023-10-06 * "Laut" "" #trip-new-york-2023
  Liabilities:US:Chase:Slate                       -37.46 USD
  Expenses:Food:Restaurant                          37.46 USD

2023-10-06 * "Gimme! Coffee" "" #trip-new-york-2023
  Liabilities:US:Chase:Slate                        -5.88 USD
  Expenses:Food:Coffee                               5.88 USD

2023-10-07 * "Gimme! Coffee" "" #trip-new-york-2023
  Liabilities:US:Chase:Slate                        -6.67 USD
  Expenses:Food:Coffee                               6.67 USD

2023-10-07 * "Chase:Slate" "Paying off credit card"
  Liabilities:US:Chase:Slate                       390.30 USD
  Assets:US:BofA:Checking                         -390.30 USD

2023-10-08 * "Cafe Select" "" #trip-new-york-2023
  Liabilities:US:Chase:Slate                       -34.03 USD
  Expenses:Food:Restaurant                          34.03 USD

2023-10-09 * "La Colombe" "" #trip-new-york-2023
  Liabilities:US:Chase:Slate                        -4.97 USD
  Expenses:Food:Coffee                               4.97 USD

2023-10-09 * "Gimme! Coffee" "" #trip-new-york-2023
  Liabilities:US:Chase:Slate                        -8.08 USD
  Expenses:Food:Coffee                               8.08 USD

2023-10-10 * "Uncle Boons" "" #trip-new-york-2023
  Liabilities:US:Chase:Slate                       -42.36 USD
  Expenses:Food:Restaurant                          42.36 USD

2023-10-10 * "Takahachi" "" #trip-new-york-2023
  Liabilities:US:Chase:Slate                       -52.45 USD
  Expenses:Food:Restaurant                          52.45 USD

2023-10-10 * "Laut" "" #trip-new-york-2023
  Liabilities:US:Chase:Slate                       -28.48 USD
  Expenses:Food:Restaurant                          28.48 USD

2023-10-10 * "La Colombe" "" #trip-new-york-2023
  Liabilities:US:Chase:Slate                        -4.34 USD
  Expenses:Food:Coffee                               4.34 USD

2023-10-11 * "Uncle Boons" "" #trip-new-york-2023
  Liabilities:US:Chase:Slate                       -34.61 USD
  Expenses:Food:Restaurant                          34.61 USD

2023-10-11 * "La Colombe" "" #trip-new-york-2023
  Liabilities:US:Chase:Slate                        -7.28 USD
  Expenses:Food:Coffee                               7.28 USD

2023-10-13 * "Gimme! Coffee" "" #trip-new-york-2023
  Liabilities:US:Chase:Slate                        -7.72 USD
  Expenses:Food:Coffee                               7.72 USD

2023-10-14 * "Gimme! Coffee" "" #trip-new-york-2023
  Liabilities:US:Chase:Slate                        -5.33 USD
  Expenses:Food:Coffee                               5.33 USD

2023-10-15 * "Gimme! Coffee" "" #trip-new-york-2023
  Liabilities:US:Chase:Slate                        -7.70 USD
  Expenses:Food:Coffee                               7.70 USD

2023-10-16 * "Uncle Boons" "" #trip-new-york-2023
  Liabilities:US:Chase:Slate                       -31.37 USD
  Expenses:Food:Restaurant                          31.37 USD

2023-10-16 * "Laut" "" #trip-new-york-2023
  Liabilities:US:Chase:Slate                       -31.70 USD
  Expenses:Food:Restaurant                          31.70 USD

2023-10-17 * "Cafe Select" "" #trip-new-york-2023
  Liabilities:US:Chase:Slate                       -35.46 USD
  Expenses:Food:Restaurant                          35.46 USD

2023-10-17 * "Gimme! Coffee" "" #trip-new-york-2023
  Liabilities:US:Chase:Slate                        -4.09 USD
  Expenses:Food:Coffee                               4.09 USD

2023-10-18 * "Cafe Select" "" #trip-new-york-2023
  Liabilities:US:Chase:Slate                       -29.25 USD
  Expenses:Food:Restaurant                          29.25 USD

2023-10-18 * "Takahachi" "" #trip-new-york-2023
  Liabilities:US:Chase:Slate                       -46.71 USD
  Expenses:Food:Restaurant                          46.71 USD

2023-10-18 * "Laut" "" #trip-new-york-2023
  Liabilities:US:Chase:Slate                       -35.95 USD
  Expenses:Food:Restaurant                          35.95 USD

2023-10-18 * "La Colombe" "" #trip-new-york-2023
  Liabilities:US:Chase:Slate                        -8.16 USD
  Expenses:Food:Coffee                               8.16 USD

2023-10-19 * "Cafe Select" "" #trip-new-york-2023
  Liabilities:US:Chase:Slate                       -26.31 USD
  Expenses:Food:Restaurant                          26.31 USD

2023-10-19 * "La Colombe" "" #trip-new-york-2023
  Liabilities:US:Chase:Slate                        -4.87 USD
  Expenses:Food:Coffee                               4.87 USD

2023-10-20 * "Takahachi" "" #trip-new-york-2023
  Liabilities:US:Chase:Slate                       -49.41 USD
  Expenses:Food:Restaurant                          49.41 USD

2023-10-20 * "Laut" "" #trip-new-york-2023
  Liabilities:US:Chase:Slate                       -34.61 USD
  Expenses:Food:Restaurant                          34.61 USD

2023-10-20 * "Gimme! Coffee" "" #trip-new-york-2023
  Liabilities:US:Chase:Slate                        -5.98 USD
  Expenses:Food:Coffee                               5.98 USD

2023-10-21 * "Uncle Boons" "" #trip-new-york-2023
  Liabilities:US:Chase:Slate                       -37.15 USD
  Expenses:Food:Restaurant                          37.15 USD

2023-10-21 * "Cafe Select" "" #trip-new-york-2023
  Liabilities:US:Chase:Slate                       -26.54 USD
  Expenses:Food:Restaurant                          26.54 USD

2023-10-21 * "Takahachi" "" #trip-new-york-2023
  Liabilities:US:Chase:Slate                       -43.14 USD
  Expenses:Food:Restaurant                          43.14 USD

2023-10-21 * "Consume vacation days"
  Assets:US:Hooli:Vacation                           -168 VACHR
  Expenses:Vacation                                   168 VACHR

2023-10-21 event "location" "New Metropolis"

2023-10-25 * "Chichipotle" "Eating out with Julie"
  Liabilities:US:Chase:Slate                       -33.31 USD
  Expenses:Food:Restaurant                          33.31 USD

2023-10-26 * "Chichipotle" "Eating out with Bill"
  Liabilities:US:Chase:Slate                       -24.32 USD
  Expenses:Food:Restaurant                          24.32 USD

2023-10-27 * "Farmer Fresh" "Buying groceries"
  Liabilities:US:Chase:Slate                      -105.31 USD
  Expenses:Food:Groceries                          105.31 USD

2023-10-28 balance Liabilities:US:Chase:Slate    -1738.58 USD

2023-10-28 * "Metro Transport Authority" "Tram tickets"
  Liabilities:US:Chase:Slate                      -120.00 USD
  Expenses:Transport:Tram                          120.00 USD

2023-10-29 * "Kin Soy" "Eating out with Julie"
  Liabilities:US:Chase:Slate                       -33.07 USD
  Expenses:Food:Restaurant                          33.07 USD

2023-11-02 * "Goba Goba" "Eating out with Joe"
  Liabilities:US:Chase:Slate                       -41.96 USD
  Expenses:Food:Restaurant                          41.96 USD

2023-11-03 * "Chichipotle" "Eating out after work"
  Liabilities:US:Chase:Slate                       -51.12 USD
  Expenses:Food:Restaurant                          51.12 USD

2023-11-05 * "Uncle Boons" "Eating out after work"
  Liabilities:US:Chase:Slate                       -25.90 USD
  Expenses:Food:Restaurant                          25.90 USD

2023-11-06 * "China Garden" "Eating out with Julie"
  Liabilities:US:Chase:Slate                       -29.39 USD
  Expenses:Food:Restaurant                          29.39 USD

2023-11-08 * "Corner Deli" "Buying groceries"
  Liabilities:US:Chase:Slate                       -66.82 USD
  Expenses:Food:Groceries                           66.82 USD

2023-11-10 * "Goba Goba" "Eating out with Julie"
  Liabilities:US:Chase:Slate                       -28.16 USD
  Expenses:Food:Restaurant                          28.16 USD

2023-11-10 * "Chase:Slate" "Paying off credit card"
  Liabilities:US:Chase:Slate                       526.05 USD
  Assets:US:BofA:Checking                         -526.05 USD

2023-11-14 * "Goba Goba" "Eating out "
  Liabilities:US:Chase:Slate                       -58.68 USD
  Expenses:Food:Restaurant                          58.68 USD

2023-11-18 * "Kin Soy" "Eating out alone"
  Liabilities:US:Chase:Slate                       -36.10 USD
  Expenses:Food:Restaurant                          36.10 USD

2023-11-19 * "Good Moods Market" "Buying groceries"
  Liabilities:US:Chase:Slate                      -100.60 USD
  Expenses:Food:Groceries                          100.60 USD

2023-11-22 * "China Garden" "Eating out "
  Liabilities:US:Chase:Slate                       -41.24 USD
  Expenses:Food:Restaurant                          41.24 USD

2023-11-24 balance Liabilities:US:Chase:Slate    -1845.57 USD

2023-11-25 * "China Garden" "Eating out with Natasha"
  Liabilities:US:Chase:Slate                       -19.97 USD
  Expenses:Food:Restaurant                          19.97 USD

2023-11-28 * "Rose Flower" "Eating out after work"
  Liabilities:US:Chase:Slate                       -21.06 USD
  Expenses:Food:Restaurant                          21.06 USD

2023-11-28 * "Metro Transport Authority" "Tram tickets"
  Liabilities:US:Chase:Slate                      -120.00 USD
  Expenses:Transport:Tram                          120.00 USD

2023-12-02 * "Chichipotle" "Eating out with Joe"
  Liabilities:US:Chase:Slate                       -36.48 USD
  Expenses:Food:Restaurant                          36.48 USD

2023-12-02 * "Onion Market" "Buying groceries"
  Liabilities:US:Chase:Slate                       -69.42 USD
  Expenses:Food:Groceries                           69.42 USD

2023-12-04 * "Jewel of Morroco" "Eating out with Joe"
  Liabilities:US:Chase:Slate                       -21.47 USD
  Expenses:Food:Restaurant                          21.47 USD

2023-12-06 * "Chichipotle" "Eating out "
  Liabilities:US:Chase:Slate                       -22.68 USD
  Expenses:Food:Restaurant                          22.68 USD

2023-12-10 * "Chichipotle" "Eating out with Bill"
  Liabilities:US:Chase:Slate                       -36.07 USD
  Expenses:Food:Restaurant                          36.07 USD

2023-12-11 * "Chase:Slate" "Paying off credit card"
  Liabilities:US:Chase:Slate                       615.93 USD
  Assets:US:BofA:Checking                         -615.93 USD

2023-12-15 * "China Garden" "Eating out with Natasha"
  Liabilities:US:Chase:Slate                       -32.16 USD
  Expenses:Food:Restaurant                          32.16 USD

2023-12-16 * "Jewel of Morroco" "Eating out with Joe"
  Liabilities:US:Chase:Slate                       -13.62 USD
  Expenses:Food:Restaurant                          13.62 USD

2023-12-18 * "Onion Market" "Buying groceries"
  Liabilities:US:Chase:Slate                       -79.81 USD
  Expenses:Food:Groceries                           79.81 USD

2023-12-19 * "Uncle Boons" "Eating out with Julie"
  Liabilities:US:Chase:Slate                       -61.53 USD
  Expenses:Food:Restaurant                          61.53 USD

2023-12-20 balance Liabilities:US:Chase:Slate    -1763.91 USD

2023-12-24 * "Rose Flower" "Eating out with Joe"
  Liabilities:US:Chase:Slate                       -22.33 USD
  Expenses:Food:Restaurant                          22.33 USD

2023-12-25 * "China Garden" "Eating out after work"
  Liabilities:US:Chase:Slate                       -47.35 USD
  Expenses:Food:Restaurant                          47.35 USD

2023-12-28 * "Corner Deli" "Buying groceries"
  Liabilities:US:Chase:Slate                      -138.97 USD
  Expenses:Food:Groceries                          138.97 USD

2023-12-28 * "Metro Transport Authority" "Tram tickets"
  Liabilities:US:Chase:Slate                      -120.00 USD
  Expenses:Transport:Tram                          120.00 USD

2023-12-30 * "Cafe Modagor" "Eating out "
  Liabilities:US:Chase:Slate                       -38.60 USD
  Expenses:Food:Restaurant                          38.60 USD

2024-01-02 * "Uncle Boons" "Eating out with work buddies"
  Liabilities:US:Chase:Slate                       -60.62 USD
  Expenses:Food:Restaurant                          60.62 USD

2024-01-06 * "Uncle Boons" "Eating out after work"
  Liabilities:US:Chase:Slate                       -32.96 USD
  Expenses:Food:Restaurant                          32.96 USD

2024-01-08 * "Chase:Slate" "Paying off credit card"
  Liabilities:US:Chase:Slate                       650.46 USD
  Assets:US:BofA:Checking                         -650.46 USD

2024-01-09 balance Liabilities:US:Chase:Slate    -1574.28 USD

2024-01-09 * "Jewel of Morroco" "Eating out with Joe"
  Liabilities:US:Chase:Slate                       -34.67 USD
  Expenses:Food:Restaurant                          34.67 USD

2024-01-09 * "Farmer Fresh" "Buying groceries"
  Liabilities:US:Chase:Slate                      -118.15 USD
  Expenses:Food:Groceries                          118.15 USD

2024-01-14 * "Rose Flower" "Eating out with Natasha"
  Liabilities:US:Chase:Slate                       -27.44 USD
  Expenses:Food:Restaurant                          27.44 USD

2024-01-15 * "Farmer Fresh" "Buying groceries"
  Liabilities:US:Chase:Slate                       -83.71 USD
  Expenses:Food:Groceries                           83.71 USD

2024-01-16 * "China Garden" "Eating out with Natasha"
  Liabilities:US:Chase:Slate                       -73.41 USD
  Expenses:Food:Restaurant                          73.41 USD

2024-01-18 * "Cafe Modagor" "Eating out with Natasha"
  Liabilities:US:Chase:Slate                       -56.36 USD
  Expenses:Food:Restaurant                          56.36 USD

2024-01-23 * "Jewel of Morroco" "Eating out with Julie"
  Liabilities:US:Chase:Slate                       -49.16 USD
  Expenses:Food:Restaurant                          49.16 USD

2024-01-27 * "Goba Goba" "Eating out with Julie"
  Liabilities:US:Chase:Slate                       -35.26 USD
  Expenses:Food:Restaurant                          35.26 USD

2024-01-29 * "Onion Market" "Buying groceries"
  Liabilities:US:Chase:Slate                      -100.40 USD
  Expenses:Food:Groceries                          100.40 USD

2024-01-30 * "Metro Transport Authority" "Tram tickets"
  Liabilities:US:Chase:Slate                      -120.00 USD
  Expenses:Transport:Tram                          120.00 USD

2024-01-31 * "Goba Goba" "Eating out with work buddies"
  Liabilities:US:Chase:Slate                       -29.94 USD
  Expenses:Food:Restaurant                          29.94 USD

2024-02-03 * "Rose Flower" "Eating out "
  Liabilities:US:Chase:Slate                       -39.10 USD
  Expenses:Food:Restaurant                          39.10 USD

2024-02-05 balance Liabilities:US:Chase:Slate    -2341.88 USD

2024-02-06 * "Jewel of Morroco" "Eating out "
  Liabilities:US:Chase:Slate                       -47.68 USD
  Expenses:Food:Restaurant                          47.68 USD

2024-02-09 * "Onion Market" "Buying groceries"
  Liabilities:US:Chase:Slate                      -105.36 USD
  Expenses:Food:Groceries                          105.36 USD

2024-02-11 * "Cafe Modagor" "Eating out alone"
  Liabilities:US:Chase:Slate                       -19.36 USD
  Expenses:Food:Restaurant                          19.36 USD

2024-02-11 * "Chase:Slate" "Paying off credit card"
  Liabilities:US:Chase:Slate                       905.33 USD
  Assets:US:BofA:Checking                         -905.33 USD

2024-02-14 * "Kin Soy" "Eating out with Bill"
  Liabilities:US:Chase:Slate                       -36.91 USD
  Expenses:Food:Restaurant                          36.91 USD

2024-02-18 * "Chichipotle" "Eating out after work"
  Liabilities:US:Chase:Slate                       -23.37 USD
  Expenses:Food:Restaurant                          23.37 USD

2024-02-23 * "Uncle Boons" "Eating out after work"
  Liabilities:US:Chase:Slate                       -34.62 USD
  Expenses:Food:Restaurant                          34.62 USD

2024-02-26 * "Jewel of Morroco" "Eating out with work buddies"
  Liabilities:US:Chase:Slate                       -35.74 USD
  Expenses:Food:Restaurant                          35.74 USD

2024-02-26 * "Good Moods Market" "Buying groceries"
  Liabilities:US:Chase:Slate                       -84.43 USD
  Expenses:Food:Groceries                           84.43 USD

2024-02-28 * "Cafe Modagor" "Eating out "
  Liabilities:US:Chase:Slate                       -38.77 USD
  Expenses:Food:Restaurant                          38.77 USD

2024-02-29 balance Liabilities:US:Chase:Slate    -1862.79 USD

2024-03-01 * "Metro Transport Authority" "Tram tickets"
  Liabilities:US:Chase:Slate                      -120.00 USD
  Expenses:Transport:Tram                          120.00 USD

2024-03-02 * "Kin Soy" "Eating out alone"
  Liabilities:US:Chase:Slate                       -16.53 USD
  Expenses:Food:Restaurant                          16.53 USD

2024-03-05 * "Onion Market" "Buying groceries"
  Liabilities:US:Chase:Slate                       -74.35 USD
  Expenses:Food:Groceries                           74.35 USD

2024-03-06 * "Cafe Modagor" "Eating out with work buddies"
  Liabilities:US:Chase:Slate                       -17.66 USD
  Expenses:Food:Restaurant                          17.66 USD

2024-03-09 * "Uncle Boons" "Eating out alone"
  Liabilities:US:Chase:Slate                       -32.09 USD
  Expenses:Food:Restaurant                          32.09 USD

2024-03-10 * "Chase:Slate" "Paying off credit card"
  Liabilities:US:Chase:Slate                       542.27 USD
  Assets:US:BofA:Checking                         -542.27 USD

2024-03-11 * "Rose Flower" "Eating out with Bill"
  Liabilities:US:Chase:Slate                       -27.80 USD
  Expenses:Food:Restaurant                          27.80 USD

2024-03-13 * "Good Moods Market" "Buying groceries"
  Liabilities:US:Chase:Slate                      -114.13 USD
  Expenses:Food:Groceries                          114.13 USD

2024-03-15 * "Chichipotle" "Eating out with Natasha"
  Liabilities:US:Chase:Slate                       -26.73 USD
  Expenses:Food:Restaurant                          26.73 USD

2024-03-18 * "Goba Goba" "Eating out "
  Liabilities:US:Chase:Slate                       -44.32 USD
  Expenses:Food:Restaurant                          44.32 USD

2024-03-23 * "China Garden" "Eating out with Bill"
  Liabilities:US:Chase:Slate                       -52.26 USD
  Expenses:Food:Restaurant                          52.26 USD

2024-03-23 * "Good Moods Market" "Buying groceries"
  Liabilities:US:Chase:Slate                      -111.30 USD
  Expenses:Food:Groceries                          111.30 USD

2024-03-27 balance Liabilities:US:Chase:Slate    -1957.69 USD

2024-03-27 * "Kin Soy" "Eating out after work"
  Liabilities:US:Chase:Slate                       -30.22 USD
  Expenses:Food:Restaurant                          30.22 USD

2024-03-29 * "Metro Transport Authority" "Tram tickets"
  Liabilities:US:Chase:Slate                      -120.00 USD
  Expenses:Transport:Tram                          120.00 USD

2024-03-31 * "Rose Flower" "Eating out with Julie"
  Liabilities:US:Chase:Slate                       -69.15 USD
  Expenses:Food:Restaurant                          69.15 USD

2024-04-04 * "Rose Flower" "Eating out with Natasha"
  Liabilities:US:Chase:Slate                       -65.30 USD
  Expenses:Food:Restaurant                          65.30 USD

2024-04-06 * "Corner Deli" "Buying groceries"
  Liabilities:US:Chase:Slate                       -78.01 USD
  Expenses:Food:Groceries                           78.01 USD

2024-04-08 * "Kin Soy" "Eating out with Bill"
  Liabilities:US:Chase:Slate                       -35.54 USD
  Expenses:Food:Restaurant                          35.54 USD

2024-04-08 * "Chase:Slate" "Paying off credit card"
  Liabilities:US:Chase:Slate                       746.96 USD
  Assets:US:BofA:Checking                         -746.96 USD

2024-04-10 * "Uncle Boons" "Eating out after work"
  Liabilities:US:Chase:Slate                       -22.31 USD
  Expenses:Food:Restaurant                          22.31 USD

2024-04-15 * "Chichipotle" "Eating out with Julie"
  Liabilities:US:Chase:Slate                       -24.07 USD
  Expenses:Food:Restaurant                          24.07 USD

2024-04-16 * "Good Moods Market" "Buying groceries"
  Liabilities:US:Chase:Slate                       -72.34 USD
  Expenses:Food:Groceries                           72.34 USD

2024-04-17 * "Uncle Boons" "Eating out with Bill"
  Liabilities:US:Chase:Slate                       -14.12 USD
  Expenses:Food:Restaurant                          14.12 USD

2024-04-22 balance Liabilities:US:Chase:Slate    -1741.79 USD

2024-04-22 * "Chichipotle" "Eating out with Natasha"
  Liabilities:US:Chase:Slate                       -17.56 USD
  Expenses:Food:Restaurant                          17.56 USD

2024-04-24 * "Chichipotle" "Eating out after work"
  Liabilities:US:Chase:Slate                       -38.96 USD
  Expenses:Food:Restaurant                          38.96 USD

2024-04-27 * "Cafe Modagor" "Eating out "
  Liabilities:US:Chase:Slate                       -40.52 USD
  Expenses:Food:Restaurant                          40.52 USD

2024-04-29 * "Metro Transport Authority" "Tram tickets"
  Liabilities:US:Chase:Slate                      -120.00 USD
  Expenses:Transport:Tram                          120.00 USD

2024-05-01 * "Rose Flower" "Eating out "
  Liabilities:US:Chase:Slate                       -27.79 USD
  Expenses:Food:Restaurant                          27.79 USD

2024-05-03 * "Farmer Fresh" "Buying groceries"
  Liabilities:US:Chase:Slate                       -85.98 USD
  Expenses:Food:Groceries                           85.98 USD

2024-05-05 * "Uncle Boons" "Eating out with Natasha"
  Liabilities:US:Chase:Slate                       -17.28 USD
  Expenses:Food:Restaurant                          17.28 USD

2024-05-07 * "Chichipotle" "Eating out alone"
  Liabilities:US:Chase:Slate                       -26.49 USD
  Expenses:Food:Restaurant                          26.49 USD

2024-05-07 * "Chase:Slate" "Paying off credit card"
  Liabilities:US:Chase:Slate                       507.42 USD
  Assets:US:BofA:Checking                         -507.42 USD

2024-05-12 * "Kin Soy" "Eating out with work buddies"
  Liabilities:US:Chase:Slate                       -25.25 USD
  Expenses:Food:Restaurant                          25.25 USD

2024-05-13 balance Liabilities:US:Chase:Slate    -1634.20 USD

2024-05-15 * "Jewel of Morroco" "Eating out with Julie"
  Liabilities:US:Chase:Slate                       -21.31 USD
  Expenses:Food:Restaurant                          21.31 USD

2024-05-15 * "Corner Deli" "Buying groceries"
  Liabilities:US:Chase:Slate                       -75.34 USD
  Expenses:Food:Groceries                           75.34 USD

2024-05-16 * "Goba Goba" "Eating out with work buddies"
  Liabilities:US:Chase:Slate                       -24.00 USD
  Expenses:Food:Restaurant                          24.00 USD

2024-05-17 * "China Garden" "Eating out with Joe"
  Liabilities:US:Chase:Slate                       -19.86 USD
  Expenses:Food:Restaurant                          19.86 USD

2024-05-22 * "Jewel of Morroco" "Eating out with Natasha"
  Liabilities:US:Chase:Slate                       -15.88 USD
  Expenses:Food:Restaurant                          15.88 USD

2024-05-23 * "Goba Goba" "Eating out "
  Liabilities:US:Chase:Slate                       -24.46 USD
  Expenses:Food:Restaurant                          24.46 USD

2024-05-24 * "Jewel of Morroco" "Eating out with Julie"
  Liabilities:US:Chase:Slate                       -39.62 USD
  Expenses:Food:Restaurant                          39.62 USD

2024-05-27 * "Cafe Modagor" "Eating out with Joe"
  Liabilities:US:Chase:Slate                       -23.47 USD
  Expenses:Food:Restaurant                          23.47 USD

2024-05-27 * "Farmer Fresh" "Buying groceries"
  Liabilities:US:Chase:Slate                      -161.13 USD
  Expenses:Food:Groceries                          161.13 USD

2024-05-29 * "Metro Transport Authority" "Tram tickets"
  Liabilities:US:Chase:Slate                      -120.00 USD
  Expenses:Transport:Tram                          120.00 USD

2024-05-30 * "Jewel of Morroco" "Eating out with Bill"
  Liabilities:US:Chase:Slate                       -25.97 USD
  Expenses:Food:Restaurant                          25.97 USD

2024-05-31 * "China Garden" "Eating out after work"
  Liabilities:US:Chase:Slate                       -32.44 USD
  Expenses:Food:Restaurant                          32.44 USD

2024-06-03 * "Rose Flower" "Eating out with Bill"
  Liabilities:US:Chase:Slate                       -58.40 USD
  Expenses:Food:Restaurant                          58.40 USD

2024-06-06 * "China Garden" "Eating out after work"
  Liabilities:US:Chase:Slate                       -22.39 USD
  Expenses:Food:Restaurant                          22.39 USD

2024-06-08 * "Uncle Boons" "Eating out with Joe"
  Liabilities:US:Chase:Slate                       -26.26 USD
  Expenses:Food:Restaurant                          26.26 USD

2024-06-09 * "Chichipotle" "Eating out with work buddies"
  Liabilities:US:Chase:Slate                       -45.35 USD
  Expenses:Food:Restaurant                          45.35 USD

2024-06-10 * "Chase:Slate" "Paying off credit card"
  Liabilities:US:Chase:Slate                       824.20 USD
  Assets:US:BofA:Checking                         -824.20 USD

2024-06-12 balance Liabilities:US:Chase:Slate    -1545.88 USD

2024-06-12 * "Onion Market" "Buying groceries"
  Liabilities:US:Chase:Slate                       -63.07 USD
  Expenses:Food:Groceries                           63.07 USD

2024-06-14 * "Cafe Modagor" "Eating out after work"
  Liabilities:US:Chase:Slate                       -38.44 USD
  Expenses:Food:Restaurant                          38.44 USD

2024-06-17 * "Jewel of Morroco" "Eating out alone"
  Liabilities:US:Chase:Slate                       -27.37 USD
  Expenses:Food:Restaurant                          27.37 USD

2024-06-18 * "Rose Flower" "Eating out with Bill"
  Liabilities:US:Chase:Slate                       -23.66 USD
  Expenses:Food:Restaurant                          23.66 USD

2024-06-20 * "Chichipotle" "Eating out with Julie"
  Liabilities:US:Chase:Slate                       -26.11 USD
  Expenses:Food:Restaurant                          26.11 USD

2024-06-24 * "Goba Goba" "Eating out with work buddies"
  Liabilities:US:Chase:Slate                       -45.40 USD
  Expenses:Food:Restaurant                          45.40 USD

2024-06-25 * "Jewel of Morroco" "Eating out with work buddies"
  Liabilities:US:Chase:Slate                       -22.79 USD
  Expenses:Food:Restaurant                          22.79 USD

2024-06-25 * "Corner Deli" "Buying groceries"
  Liabilities:US:Chase:Slate                       -97.55 USD
  Expenses:Food:Groceries                           97.55 USD

2024-06-26 * "Metro Transport Authority" "Tram tickets"
  Liabilities:US:Chase:Slate                      -120.00 USD
  Expenses:Transport:Tram                          120.00 USD

2024-06-30 * "Jewel of Morroco" "Eating out with Natasha"
  Liabilities:US:Chase:Slate                       -44.17 USD
  Expenses:Food:Restaurant                          44.17 USD

2024-07-04 * "Chichipotle" "Eating out with Julie"
  Liabilities:US:Chase:Slate                       -24.98 USD
  Expenses:Food:Restaurant                          24.98 USD

2024-07-04 * "Onion Market" "Buying groceries"
  Liabilities:US:Chase:Slate                       -79.27 USD
  Expenses:Food:Groceries                           79.27 USD

2024-07-06 * "Cafe Modagor" "Eating out "
  Liabilities:US:Chase:Slate                       -50.45 USD
  Expenses:Food:Restaurant                          50.45 USD

2024-07-08 * "Jewel of Morroco" "Eating out with Joe"
  Liabilities:US:Chase:Slate                       -31.53 USD
  Expenses:Food:Restaurant                          31.53 USD

2024-07-10 balance Liabilities:US:Chase:Slate    -2240.67 USD

2024-07-10 * "Chase:Slate" "Paying off credit card"
  Liabilities:US:Chase:Slate                       653.38 USD
  Assets:US:BofA:Checking                         -653.38 USD

2024-07-11 * "Chichipotle" "Eating out with Natasha"
  Liabilities:US:Chase:Slate                       -21.66 USD
  Expenses:Food:Restaurant                          21.66 USD

2024-07-14 * "Good Moods Market" "Buying groceries"
  Liabilities:US:Chase:Slate                       -87.02 USD
  Expenses:Food:Groceries                           87.02 USD

2024-07-16 * "Kin Soy" "Eating out after work"
  Liabilities:US:Chase:Slate                       -33.67 USD
  Expenses:Food:Restaurant                          33.67 USD

2024-07-20 * "Uncle Boons" "Eating out with Bill"
  Liabilities:US:Chase:Slate                       -32.37 USD
  Expenses:Food:Restaurant                          32.37 USD

2024-07-22 * "Onion Market" "Buying groceries"
  Liabilities:US:Chase:Slate                       -76.47 USD
  Expenses:Food:Groceries                           76.47 USD

2024-07-23 * "Goba Goba" "Eating out with Bill"
  Liabilities:US:Chase:Slate                       -27.20 USD
  Expenses:Food:Restaurant                          27.20 USD

2024-07-24 * "Kin Soy" "Eating out "
  Liabilities:US:Chase:Slate                       -10.86 USD
  Expenses:Food:Restaurant                          10.86 USD

2024-07-26 * "Metro Transport Authority" "Tram tickets"
  Liabilities:US:Chase:Slate                      -120.00 USD
  Expenses:Transport:Tram                          120.00 USD

2024-07-28 * "Jewel of Morroco" "Eating out after work"
  Liabilities:US:Chase:Slate                       -17.77 USD
  Expenses:Food:Restaurant                          17.77 USD

2024-07-28 * "Onion Market" "Buying groceries"
  Liabilities:US:Chase:Slate                      -108.66 USD
  Expenses:Food:Groceries                          108.66 USD

2024-07-30 * "China Garden" "Eating out alone"
  Liabilities:US:Chase:Slate                       -19.29 USD
  Expenses:Food:Restaurant                          19.29 USD

2024-08-04 * "Cafe Modagor" "Eating out alone"
  Liabilities:US:Chase:Slate                       -47.78 USD
  Expenses:Food:Restaurant                          47.78 USD

2024-08-05 * "Cafe Modagor" "Eating out with Julie"
  Liabilities:US:Chase:Slate                       -54.28 USD
  Expenses:Food:Restaurant                          54.28 USD

2024-08-06 balance Liabilities:US:Chase:Slate    -2244.32 USD

2024-08-06 * "Kin Soy" "Eating out with Joe"
  Liabilities:US:Chase:Slate                       -70.10 USD
  Expenses:Food:Restaurant                          70.10 USD

2024-08-07 * "Uncle Boons" "Eating out with Natasha"
  Liabilities:US:Chase:Slate                       -37.71 USD
  Expenses:Food:Restaurant                          37.71 USD

2024-08-11 * "Jewel of Morroco" "Eating out with Joe"
  Liabilities:US:Chase:Slate                       -75.01 USD
  Expenses:Food:Restaurant                          75.01 USD

2024-08-13 * "Jewel of Morroco" "Eating out with Julie"
  Liabilities:US:Chase:Slate                       -80.22 USD
  Expenses:Food:Restaurant                          80.22 USD

2024-08-16 * "Corner Deli" "Buying groceries"
  Liabilities:US:Chase:Slate                       -85.26 USD
  Expenses:Food:Groceries                           85.26 USD

2024-08-17 * "China Garden" "Eating out "
  Liabilities:US:Chase:Slate                       -24.24 USD
  Expenses:Food:Restaurant                          24.24 USD



* Taxable Investments

2022-01-01 open Assets:US:ETrade:Cash                       USD
2022-01-01 open Assets:US:ETrade:ITOT                       ITOT
2022-01-01 open Assets:US:ETrade:VEA                       VEA
2022-01-01 open Assets:US:ETrade:VHT                       VHT
2022-01-01 open Assets:US:ETrade:GLD                       GLD
2022-01-01 open Income:US:ETrade:PnL                        USD
2022-01-01 open Income:US:ETrade:ITOT:Dividend              USD
2022-01-01 open Income:US:ETrade:VEA:Dividend              USD
2022-01-01 open Income:US:ETrade:VHT:Dividend              USD
2022-01-01 open Income:US:ETrade:GLD:Dividend              USD

2022-09-18 * "Dividends on portfolio"
  Assets:US:ETrade:Cash                              0.00 USD
  Income:US:ETrade:VHT:Dividend                      0.00 USD

2022-09-24 * "Buy shares of VHT"
  Assets:US:ETrade:Cash                          -4329.63 USD
  Assets:US:ETrade:VHT                                 26 VHT {166.18 USD, 2022-09-24}
  Expenses:Financial:Commissions                     8.95 USD

2022-10-19 * "Sell shares of VHT"
  Assets:US:ETrade:VHT                                -26 VHT {166.18 USD, 2022-09-24} @ 166.49 USD
  Assets:US:ETrade:Cash                           4319.79 USD
  Expenses:Financial:Commissions                     8.95 USD
  Income:US:ETrade:PnL                              -8.06 USD

2022-10-25 * "Buy shares of ITOT"
  Assets:US:ETrade:Cash                          -1319.35 USD
  Assets:US:ETrade:ITOT                                14 ITOT {93.60 USD, 2022-10-25}
  Expenses:Financial:Commissions                     8.95 USD

2022-10-25 * "Buy shares of VHT"
  Assets:US:ETrade:Cash                          -1348.39 USD
  Assets:US:ETrade:VHT                                  8 VHT {167.43 USD, 2022-10-25}
  Expenses:Financial:Commissions                     8.95 USD

2022-10-25 * "Buy shares of GLD"
  Assets:US:ETrade:Cash                          -1242.98 USD
  Assets:US:ETrade:GLD                                  7 GLD {176.29 USD, 2022-10-25}
  Expenses:Financial:Commissions                     8.95 USD

2022-11-21 * "Buy shares of VEA"
  Assets:US:ETrade:Cash                          -1085.69 USD
  Assets:US:ETrade:VEA                                  7 VEA {153.82 USD, 2022-11-21}
  Expenses:Financial:Commissions                     8.95 USD

2022-11-21 * "Buy shares of VHT"
  Assets:US:ETrade:Cash                          -1061.59 USD
  Assets:US:ETrade:VHT                                  6 VHT {175.44 USD, 2022-11-21}
  Expenses:Financial:Commissions                     8.95 USD

2022-11-21 * "Buy shares of ITOT"
  Assets:US:ETrade:Cash                          -1048.34 USD
  Assets:US:ETrade:ITOT                                11 ITOT {94.49 USD, 2022-11-21}
  Expenses:Financial:Commissions                     8.95 USD

2022-11-21 * "Buy shares of GLD"
  Assets:US:ETrade:Cash                          -1073.23 USD
  Assets:US:ETrade:GLD                                  6 GLD {177.38 USD, 2022-11-21}
  Expenses:Financial:Commissions                     8.95 USD

2022-12-17 * "Dividends on portfolio"
  Assets:US:ETrade:Cash                             49.75 USD
  Income:US:ETrade:VEA:Dividend                    -49.75 USD

2023-03-11 * "Sell shares of VHT"
  Assets:US:ETrade:VHT                                 -8 VHT {167.43 USD, 2022-10-25} @ 196.17 USD
  Assets:US:ETrade:Cash                           1560.41 USD
  Expenses:Financial:Commissions                     8.95 USD
  Income:US:ETrade:PnL                            -229.92 USD

2023-03-18 * "Dividends on portfolio"
  Assets:US:ETrade:Cash                             49.75 USD
  Income:US:ETrade:ITOT:Dividend                   -49.75 USD

2023-03-25 * "Sell shares of ITOT"
  Assets:US:ETrade:ITOT                               -11 ITOT {94.49 USD, 2022-11-21} @ 92.98 USD
  Assets:US:ETrade:Cash                           1013.83 USD
  Expenses:Financial:Commissions                     8.95 USD
  Income:US:ETrade:PnL                              16.61 USD

2023-03-29 * "Buy shares of VHT"
  Assets:US:ETrade:Cash                          -2799.99 USD
  Assets:US:ETrade:VHT                                 14 VHT {199.36 USD, 2023-03-29}
  Expenses:Financial:Commissions                     8.95 USD

2023-06-18 * "Dividends on portfolio"
  Assets:US:ETrade:Cash                             60.91 USD
  Income:US:ETrade:GLD:Dividend                    -60.91 USD

2023-07-22 * "Sell shares of GLD"
  Assets:US:ETrade:GLD                                 -7 GLD {176.29 USD, 2022-10-25} @ 196.98 USD
  Assets:US:ETrade:Cash                           1369.91 USD
  Expenses:Financial:Commissions                     8.95 USD
  Income:US:ETrade:PnL                            -144.83 USD

2023-07-26 * "Buy shares of VHT"
  Assets:US:ETrade:Cash                           -201.31 USD
  Assets:US:ETrade:VHT                                  1 VHT {192.36 USD, 2023-07-26}
  Expenses:Financial:Commissions                     8.95 USD

2023-07-26 * "Buy shares of VEA"
  Assets:US:ETrade:Cash                           -161.56 USD
  Assets:US:ETrade:VEA                                  1 VEA {152.61 USD, 2023-07-26}
  Expenses:Financial:Commissions                     8.95 USD

2023-07-26 * "Buy shares of ITOT"
  Assets:US:ETrade:Cash                           -291.46 USD
  Assets:US:ETrade:ITOT                                 3 ITOT {94.17 USD, 2023-07-26}
  Expenses:Financial:Commissions                     8.95 USD

2023-07-26 * "Buy shares of GLD"
  Assets:US:ETrade:Cash                           -205.93 USD
  Assets:US:ETrade:GLD                                  1 GLD {196.98 USD, 2023-07-26}
  Expenses:Financial:Commissions                     8.95 USD

2023-08-27 * "Sell shares of VHT"
  Assets:US:ETrade:VHT                                -14 VHT {199.36 USD, 2023-03-29} @ 197.20 USD
  Assets:US:ETrade:Cash                           2751.85 USD
  Expenses:Financial:Commissions                     8.95 USD
  Income:US:ETrade:PnL                              30.24 USD

2023-09-18 * "Dividends on portfolio"
  Assets:US:ETrade:Cash                             64.21 USD
  Income:US:ETrade:VHT:Dividend                    -64.21 USD

2023-09-22 * "Buy shares of VEA"
  Assets:US:ETrade:Cash                          -1795.99 USD
  Assets:US:ETrade:VEA                                 12 VEA {148.92 USD, 2023-09-22}
  Expenses:Financial:Commissions                     8.95 USD

2023-09-22 * "Buy shares of ITOT"
  Assets:US:ETrade:Cash                          -1729.57 USD
  Assets:US:ETrade:ITOT                                18 ITOT {95.59 USD, 2023-09-22}
  Expenses:Financial:Commissions                     8.95 USD

2023-09-22 * "Buy shares of GLD"
  Assets:US:ETrade:Cash                          -1681.51 USD
  Assets:US:ETrade:GLD                                  9 GLD {185.84 USD, 2023-09-22}
  Expenses:Financial:Commissions                     8.95 USD

2023-09-22 * "Buy shares of VHT"
  Assets:US:ETrade:Cash                          -1635.11 USD
  Assets:US:ETrade:VHT                                  8 VHT {203.27 USD, 2023-09-22}
  Expenses:Financial:Commissions                     8.95 USD

2023-11-04 * "Sell shares of VHT"
  Assets:US:ETrade:VHT                                 -6 VHT {175.44 USD, 2022-11-21} @ 210.96 USD
  Assets:US:ETrade:Cash                           1256.81 USD
  Expenses:Financial:Commissions                     8.95 USD
  Income:US:ETrade:PnL                            -213.12 USD

2023-11-20 * "Buy shares of ITOT"
  Assets:US:ETrade:Cash                          -1851.15 USD
  Assets:US:ETrade:ITOT                                20 ITOT {92.11 USD, 2023-11-20}
  Expenses:Financial:Commissions                     8.95 USD

2023-11-20 * "Buy shares of VHT"
  Assets:US:ETrade:Cash                          -1896.70 USD
  Assets:US:ETrade:VHT                                  9 VHT {209.75 USD, 2023-11-20}
  Expenses:Financial:Commissions                     8.95 USD

2023-11-20 * "Buy shares of GLD"
  Assets:US:ETrade:Cash                          -1747.75 USD
  Assets:US:ETrade:GLD                                  9 GLD {193.20 USD, 2023-11-20}
  Expenses:Financial:Commissions                     8.95 USD

2023-12-17 * "Dividends on portfolio"
  Assets:US:ETrade:Cash                            113.31 USD
  Income:US:ETrade:VHT:Dividend                   -113.31 USD

2024-03-17 * "Dividends on portfolio"
  Assets:US:ETrade:Cash                            113.31 USD
  Income:US:ETrade:VHT:Dividend                   -113.31 USD

2024-06-17 * "Dividends on portfolio"
  Assets:US:ETrade:Cash                            113.31 USD
  Income:US:ETrade:VEA:Dividend                   -113.31 USD



* Vanguard Investments

2022-01-01 open Assets:US:Vanguard:VBMPX                     VBMPX
  number: "882882"
2022-01-01 open Assets:US:Vanguard:RGAGX                     RGAGX
  number: "882882"
2022-01-01 open Assets:US:Vanguard                            USD
  institution: "Vanguard Group"
  address: "P.O. Box 1110, Valley Forge, PA 19482-1110"
  phone: "+1.800.523.1188"
2022-01-01 open Income:US:Hooli:Match401k                   USD
2022-01-01 open Assets:US:Vanguard:Cash                       USD
  number: "882882"

2022-01-07 * "Employer match for contribution"
  Assets:US:Vanguard:Cash                          600.00 USD
  Income:US:Hooli:Match401k                       -600.00 USD

2022-01-10 * "Investing 40% of cash in VBMPX"
  Assets:US:Vanguard:VBMPX                          4.562 VBMPX {105.22 USD, 2022-01-10}
  Assets:US:Vanguard:Cash                         -480.01 USD

2022-01-10 * "Investing 60% of cash in RGAGX"
  Assets:US:Vanguard:RGAGX                          6.503 RGAGX {110.72 USD, 2022-01-10}
  Assets:US:Vanguard:Cash                         -720.01 USD

2022-01-10 * "Investing 40% of cash in VBMPX"
  Assets:US:Vanguard:VBMPX                          2.281 VBMPX {105.22 USD, 2022-01-10}
  Assets:US:Vanguard:Cash                         -240.01 USD

2022-01-10 * "Investing 60% of cash in RGAGX"
  Assets:US:Vanguard:RGAGX                          3.251 RGAGX {110.72 USD, 2022-01-10}
  Assets:US:Vanguard:Cash                         -359.95 USD

2022-01-21 * "Employer match for contribution"
  Assets:US:Vanguard:Cash                          600.00 USD
  Income:US:Hooli:Match401k                       -600.00 USD

2022-01-24 * "Investing 40% of cash in VBMPX"
  Assets:US:Vanguard:VBMPX                          4.672 VBMPX {102.74 USD, 2022-01-24}
  Assets:US:Vanguard:Cash                         -480.00 USD

2022-01-24 * "Investing 60% of cash in RGAGX"
  Assets:US:Vanguard:RGAGX                          6.532 RGAGX {110.22 USD, 2022-01-24}
  Assets:US:Vanguard:Cash                         -719.96 USD

2022-01-24 * "Investing 40% of cash in VBMPX"
  Assets:US:Vanguard:VBMPX                          2.336 VBMPX {102.74 USD, 2022-01-24}
  Assets:US:Vanguard:Cash                         -240.00 USD

2022-01-24 * "Investing 60% of cash in RGAGX"
  Assets:US:Vanguard:RGAGX                          3.267 RGAGX {110.22 USD, 2022-01-24}
  Assets:US:Vanguard:Cash                         -360.09 USD

2022-02-04 * "Employer match for contribution"
  Assets:US:Vanguard:Cash                          600.00 USD
  Income:US:Hooli:Match401k                       -600.00 USD

2022-02-07 * "Investing 40% of cash in VBMPX"
  Assets:US:Vanguard:VBMPX                          4.633 VBMPX {103.60 USD, 2022-02-07}
  Assets:US:Vanguard:Cash                         -479.98 USD

2022-02-07 * "Investing 60% of cash in RGAGX"
  Assets:US:Vanguard:RGAGX                          6.622 RGAGX {108.72 USD, 2022-02-07}
  Assets:US:Vanguard:Cash                         -719.94 USD

2022-02-07 * "Investing 40% of cash in VBMPX"
  Assets:US:Vanguard:VBMPX                          2.317 VBMPX {103.60 USD, 2022-02-07}
  Assets:US:Vanguard:Cash                         -240.04 USD

2022-02-07 * "Investing 60% of cash in RGAGX"
  Assets:US:Vanguard:RGAGX                          3.312 RGAGX {108.72 USD, 2022-02-07}
  Assets:US:Vanguard:Cash                         -360.08 USD

2022-02-18 * "Employer match for contribution"
  Assets:US:Vanguard:Cash                          600.00 USD
  Income:US:Hooli:Match401k                       -600.00 USD

2022-02-21 * "Investing 40% of cash in VBMPX"
  Assets:US:Vanguard:VBMPX                          4.701 VBMPX {102.11 USD, 2022-02-21}
  Assets:US:Vanguard:Cash                         -480.02 USD

2022-02-21 * "Investing 60% of cash in RGAGX"
  Assets:US:Vanguard:RGAGX                          6.381 RGAGX {112.83 USD, 2022-02-21}
  Assets:US:Vanguard:Cash                         -719.97 USD

2022-02-21 * "Investing 40% of cash in VBMPX"
  Assets:US:Vanguard:VBMPX                          2.350 VBMPX {102.11 USD, 2022-02-21}
  Assets:US:Vanguard:Cash                         -239.96 USD

2022-02-21 * "Investing 60% of cash in RGAGX"
  Assets:US:Vanguard:RGAGX                          3.190 RGAGX {112.83 USD, 2022-02-21}
  Assets:US:Vanguard:Cash                         -359.93 USD

2022-03-04 * "Employer match for contribution"
  Assets:US:Vanguard:Cash                          600.00 USD
  Income:US:Hooli:Match401k                       -600.00 USD

2022-03-07 * "Investing 40% of cash in VBMPX"
  Assets:US:Vanguard:VBMPX                          4.761 VBMPX {100.83 USD, 2022-03-07}
  Assets:US:Vanguard:Cash                         -480.05 USD

2022-03-07 * "Investing 60% of cash in RGAGX"
  Assets:US:Vanguard:RGAGX                          6.409 RGAGX {112.34 USD, 2022-03-07}
  Assets:US:Vanguard:Cash                         -719.99 USD

2022-03-07 * "Investing 40% of cash in VBMPX"
  Assets:US:Vanguard:VBMPX                          2.380 VBMPX {100.83 USD, 2022-03-07}
  Assets:US:Vanguard:Cash                         -239.98 USD

2022-03-07 * "Investing 60% of cash in RGAGX"
  Assets:US:Vanguard:RGAGX                          3.205 RGAGX {112.34 USD, 2022-03-07}
  Assets:US:Vanguard:Cash                         -360.05 USD

2022-03-18 * "Employer match for contribution"
  Assets:US:Vanguard:Cash                          600.00 USD
  Income:US:Hooli:Match401k                       -600.00 USD

2022-03-21 * "Investing 40% of cash in VBMPX"
  Assets:US:Vanguard:VBMPX                          4.831 VBMPX {99.35 USD, 2022-03-21}
  Assets:US:Vanguard:Cash                         -479.96 USD

2022-03-21 * "Investing 60% of cash in RGAGX"
  Assets:US:Vanguard:RGAGX                          6.290 RGAGX {114.47 USD, 2022-03-21}
  Assets:US:Vanguard:Cash                         -720.02 USD

2022-03-21 * "Investing 40% of cash in VBMPX"
  Assets:US:Vanguard:VBMPX                          2.416 VBMPX {99.35 USD, 2022-03-21}
  Assets:US:Vanguard:Cash                         -240.03 USD

2022-03-21 * "Investing 60% of cash in RGAGX"
  Assets:US:Vanguard:RGAGX                          3.145 RGAGX {114.47 USD, 2022-03-21}
  Assets:US:Vanguard:Cash                         -360.01 USD

2022-04-01 * "Employer match for contribution"
  Assets:US:Vanguard:Cash                          600.00 USD
  Income:US:Hooli:Match401k                       -600.00 USD

2022-04-04 * "Investing 40% of cash in VBMPX"
  Assets:US:Vanguard:VBMPX                          4.993 VBMPX {96.14 USD, 2022-04-04}
  Assets:US:Vanguard:Cash                         -480.03 USD

2022-04-04 * "Investing 60% of cash in RGAGX"
  Assets:US:Vanguard:RGAGX                          6.260 RGAGX {115.02 USD, 2022-04-04}
  Assets:US:Vanguard:Cash                         -720.03 USD

2022-04-04 * "Investing 40% of cash in VBMPX"
  Assets:US:Vanguard:VBMPX                          2.496 VBMPX {96.14 USD, 2022-04-04}
  Assets:US:Vanguard:Cash                         -239.97 USD

2022-04-04 * "Investing 60% of cash in RGAGX"
  Assets:US:Vanguard:RGAGX                          3.129 RGAGX {115.02 USD, 2022-04-04}
  Assets:US:Vanguard:Cash                         -359.90 USD

2022-04-15 * "Employer match for contribution"
  Assets:US:Vanguard:Cash                          600.00 USD
  Income:US:Hooli:Match401k                       -600.00 USD

2022-04-18 * "Investing 40% of cash in VBMPX"
  Assets:US:Vanguard:VBMPX                          4.928 VBMPX {97.41 USD, 2022-04-18}
  Assets:US:Vanguard:Cash                         -480.04 USD

2022-04-18 * "Investing 60% of cash in RGAGX"
  Assets:US:Vanguard:RGAGX                          6.191 RGAGX {116.31 USD, 2022-04-18}
  Assets:US:Vanguard:Cash                         -720.08 USD

2022-04-18 * "Investing 40% of cash in VBMPX"
  Assets:US:Vanguard:VBMPX                          2.463 VBMPX {97.41 USD, 2022-04-18}
  Assets:US:Vanguard:Cash                         -239.92 USD

2022-04-18 * "Investing 60% of cash in RGAGX"
  Assets:US:Vanguard:RGAGX                          3.095 RGAGX {116.31 USD, 2022-04-18}
  Assets:US:Vanguard:Cash                         -359.98 USD

2022-04-29 * "Employer match for contribution"
  Assets:US:Vanguard:Cash                          600.00 USD
  Income:US:Hooli:Match401k                       -600.00 USD

2022-05-02 * "Investing 40% of cash in VBMPX"
  Assets:US:Vanguard:VBMPX                          5.041 VBMPX {95.22 USD, 2022-05-02}
  Assets:US:Vanguard:Cash                         -480.00 USD

2022-05-02 * "Investing 60% of cash in RGAGX"
  Assets:US:Vanguard:RGAGX                          6.214 RGAGX {115.86 USD, 2022-05-02}
  Assets:US:Vanguard:Cash                         -719.95 USD

2022-05-02 * "Investing 40% of cash in VBMPX"
  Assets:US:Vanguard:VBMPX                          2.521 VBMPX {95.22 USD, 2022-05-02}
  Assets:US:Vanguard:Cash                         -240.05 USD

2022-05-02 * "Investing 60% of cash in RGAGX"
  Assets:US:Vanguard:RGAGX                          3.108 RGAGX {115.86 USD, 2022-05-02}
  Assets:US:Vanguard:Cash                         -360.09 USD

2022-05-13 * "Employer match for contribution"
  Assets:US:Vanguard:Cash                          600.00 USD
  Income:US:Hooli:Match401k                       -600.00 USD

2022-05-16 * "Investing 40% of cash in VBMPX"
  Assets:US:Vanguard:VBMPX                          4.900 VBMPX {97.96 USD, 2022-05-16}
  Assets:US:Vanguard:Cash                         -480.00 USD

2022-05-16 * "Investing 60% of cash in RGAGX"
  Assets:US:Vanguard:RGAGX                          6.257 RGAGX {115.06 USD, 2022-05-16}
  Assets:US:Vanguard:Cash                         -719.93 USD

2022-05-16 * "Investing 40% of cash in VBMPX"
  Assets:US:Vanguard:VBMPX                          2.450 VBMPX {97.96 USD, 2022-05-16}
  Assets:US:Vanguard:Cash                         -240.00 USD

2022-05-16 * "Investing 60% of cash in RGAGX"
  Assets:US:Vanguard:RGAGX                          3.129 RGAGX {115.06 USD, 2022-05-16}
  Assets:US:Vanguard:Cash                         -360.02 USD

2022-05-27 * "Employer match for contribution"
  Assets:US:Vanguard:Cash                          600.00 USD
  Income:US:Hooli:Match401k                       -600.00 USD

2022-05-30 * "Investing 40% of cash in VBMPX"
  Assets:US:Vanguard:VBMPX                          4.747 VBMPX {101.11 USD, 2022-05-30}
  Assets:US:Vanguard:Cash                         -479.97 USD

2022-05-30 * "Investing 60% of cash in RGAGX"
  Assets:US:Vanguard:RGAGX                          6.384 RGAGX {112.78 USD, 2022-05-30}
  Assets:US:Vanguard:Cash                         -719.99 USD

2022-05-30 * "Investing 40% of cash in VBMPX"
  Assets:US:Vanguard:VBMPX                          2.374 VBMPX {101.11 USD, 2022-05-30}
  Assets:US:Vanguard:Cash                         -240.04 USD

2022-05-30 * "Investing 60% of cash in RGAGX"
  Assets:US:Vanguard:RGAGX                          3.192 RGAGX {112.78 USD, 2022-05-30}
  Assets:US:Vanguard:Cash                         -359.99 USD

2022-06-10 * "Employer match for contribution"
  Assets:US:Vanguard:Cash                          600.00 USD
  Income:US:Hooli:Match401k                       -600.00 USD

2022-06-13 * "Investing 40% of cash in VBMPX"
  Assets:US:Vanguard:VBMPX                          4.747 VBMPX {101.12 USD, 2022-06-13}
  Assets:US:Vanguard:Cash                         -480.02 USD

2022-06-13 * "Investing 60% of cash in RGAGX"
  Assets:US:Vanguard:RGAGX                          6.384 RGAGX {112.78 USD, 2022-06-13}
  Assets:US:Vanguard:Cash                         -719.99 USD

2022-06-13 * "Investing 40% of cash in VBMPX"
  Assets:US:Vanguard:VBMPX                          2.373 VBMPX {101.12 USD, 2022-06-13}
  Assets:US:Vanguard:Cash                         -239.96 USD

2022-06-13 * "Investing 60% of cash in RGAGX"
  Assets:US:Vanguard:RGAGX                          3.192 RGAGX {112.78 USD, 2022-06-13}
  Assets:US:Vanguard:Cash                         -359.99 USD

2022-06-24 * "Employer match for contribution"
  Assets:US:Vanguard:Cash                          600.00 USD
  Income:US:Hooli:Match401k                       -600.00 USD

2022-06-27 * "Investing 40% of cash in VBMPX"
  Assets:US:Vanguard:VBMPX                          4.702 VBMPX {102.08 USD, 2022-06-27}
  Assets:US:Vanguard:Cash                         -479.98 USD

2022-06-27 * "Investing 60% of cash in RGAGX"
  Assets:US:Vanguard:RGAGX                          6.389 RGAGX {112.69 USD, 2022-06-27}
  Assets:US:Vanguard:Cash                         -719.98 USD

2022-06-27 * "Investing 40% of cash in VBMPX"
  Assets:US:Vanguard:VBMPX                          2.351 VBMPX {102.08 USD, 2022-06-27}
  Assets:US:Vanguard:Cash                         -239.99 USD

2022-06-27 * "Investing 60% of cash in RGAGX"
  Assets:US:Vanguard:RGAGX                          3.195 RGAGX {112.69 USD, 2022-06-27}
  Assets:US:Vanguard:Cash                         -360.04 USD

2022-07-08 * "Employer match for contribution"
  Assets:US:Vanguard:Cash                          600.00 USD
  Income:US:Hooli:Match401k                       -600.00 USD

2022-07-11 * "Investing 40% of cash in VBMPX"
  Assets:US:Vanguard:VBMPX                          4.596 VBMPX {104.43 USD, 2022-07-11}
  Assets:US:Vanguard:Cash                         -479.96 USD

2022-07-11 * "Investing 60% of cash in RGAGX"
  Assets:US:Vanguard:RGAGX                          6.441 RGAGX {111.78 USD, 2022-07-11}
  Assets:US:Vanguard:Cash                         -719.97 USD

2022-07-11 * "Investing 40% of cash in VBMPX"
  Assets:US:Vanguard:VBMPX                          2.299 VBMPX {104.43 USD, 2022-07-11}
  Assets:US:Vanguard:Cash                         -240.08 USD

2022-07-11 * "Investing 60% of cash in RGAGX"
  Assets:US:Vanguard:RGAGX                          3.221 RGAGX {111.78 USD, 2022-07-11}
  Assets:US:Vanguard:Cash                         -360.04 USD

2022-07-22 * "Employer match for contribution"
  Assets:US:Vanguard:Cash                          600.00 USD
  Income:US:Hooli:Match401k                       -600.00 USD

2022-07-25 * "Investing 40% of cash in VBMPX"
  Assets:US:Vanguard:VBMPX                          4.471 VBMPX {107.35 USD, 2022-07-25}
  Assets:US:Vanguard:Cash                         -479.96 USD

2022-07-25 * "Investing 60% of cash in RGAGX"
  Assets:US:Vanguard:RGAGX                          6.295 RGAGX {114.37 USD, 2022-07-25}
  Assets:US:Vanguard:Cash                         -719.96 USD

2022-07-25 * "Investing 40% of cash in VBMPX"
  Assets:US:Vanguard:VBMPX                          2.236 VBMPX {107.35 USD, 2022-07-25}
  Assets:US:Vanguard:Cash                         -240.03 USD

2022-07-25 * "Investing 60% of cash in RGAGX"
  Assets:US:Vanguard:RGAGX                          3.148 RGAGX {114.37 USD, 2022-07-25}
  Assets:US:Vanguard:Cash                         -360.04 USD

2022-08-05 * "Employer match for contribution"
  Assets:US:Vanguard:Cash                          250.00 USD
  Income:US:Hooli:Match401k                       -250.00 USD

2022-08-08 * "Investing 40% of cash in VBMPX"
  Assets:US:Vanguard:VBMPX                          1.884 VBMPX {106.15 USD, 2022-08-08}
  Assets:US:Vanguard:Cash                         -199.99 USD

2022-08-08 * "Investing 60% of cash in RGAGX"
  Assets:US:Vanguard:RGAGX                          2.657 RGAGX {112.91 USD, 2022-08-08}
  Assets:US:Vanguard:Cash                         -300.00 USD

2022-08-08 * "Investing 40% of cash in VBMPX"
  Assets:US:Vanguard:VBMPX                          0.942 VBMPX {106.15 USD, 2022-08-08}
  Assets:US:Vanguard:Cash                          -99.99 USD

2022-08-08 * "Investing 60% of cash in RGAGX"
  Assets:US:Vanguard:RGAGX                          1.328 RGAGX {112.91 USD, 2022-08-08}
  Assets:US:Vanguard:Cash                         -149.94 USD

2023-01-06 * "Employer match for contribution"
  Assets:US:Vanguard:Cash                          600.00 USD
  Income:US:Hooli:Match401k                       -600.00 USD

2023-01-09 * "Investing 40% of cash in VBMPX"
  Assets:US:Vanguard:VBMPX                          4.593 VBMPX {104.51 USD, 2023-01-09}
  Assets:US:Vanguard:Cash                         -480.01 USD

2023-01-09 * "Investing 60% of cash in RGAGX"
  Assets:US:Vanguard:RGAGX                          5.702 RGAGX {126.28 USD, 2023-01-09}
  Assets:US:Vanguard:Cash                         -720.05 USD

2023-01-09 * "Investing 40% of cash in VBMPX"
  Assets:US:Vanguard:VBMPX                          2.296 VBMPX {104.51 USD, 2023-01-09}
  Assets:US:Vanguard:Cash                         -239.95 USD

2023-01-09 * "Investing 60% of cash in RGAGX"
  Assets:US:Vanguard:RGAGX                          2.851 RGAGX {126.28 USD, 2023-01-09}
  Assets:US:Vanguard:Cash                         -360.02 USD

2023-01-20 * "Employer match for contribution"
  Assets:US:Vanguard:Cash                          600.00 USD
  Income:US:Hooli:Match401k                       -600.00 USD

2023-01-23 * "Investing 40% of cash in VBMPX"
  Assets:US:Vanguard:VBMPX                          4.429 VBMPX {108.37 USD, 2023-01-23}
  Assets:US:Vanguard:Cash                         -479.97 USD

2023-01-23 * "Investing 60% of cash in RGAGX"
  Assets:US:Vanguard:RGAGX                          5.750 RGAGX {125.23 USD, 2023-01-23}
  Assets:US:Vanguard:Cash                         -720.07 USD

2023-01-23 * "Investing 40% of cash in VBMPX"
  Assets:US:Vanguard:VBMPX                          2.215 VBMPX {108.37 USD, 2023-01-23}
  Assets:US:Vanguard:Cash                         -240.04 USD

2023-01-23 * "Investing 60% of cash in RGAGX"
  Assets:US:Vanguard:RGAGX                          2.875 RGAGX {125.23 USD, 2023-01-23}
  Assets:US:Vanguard:Cash                         -360.04 USD

2023-02-03 * "Employer match for contribution"
  Assets:US:Vanguard:Cash                          600.00 USD
  Income:US:Hooli:Match401k                       -600.00 USD

2023-02-06 * "Investing 40% of cash in VBMPX"
  Assets:US:Vanguard:VBMPX                          4.488 VBMPX {106.94 USD, 2023-02-06}
  Assets:US:Vanguard:Cash                         -479.95 USD

2023-02-06 * "Investing 60% of cash in RGAGX"
  Assets:US:Vanguard:RGAGX                          5.679 RGAGX {126.78 USD, 2023-02-06}
  Assets:US:Vanguard:Cash                         -719.98 USD

2023-02-06 * "Investing 40% of cash in VBMPX"
  Assets:US:Vanguard:VBMPX                          2.244 VBMPX {106.94 USD, 2023-02-06}
  Assets:US:Vanguard:Cash                         -239.97 USD

2023-02-06 * "Investing 60% of cash in RGAGX"
  Assets:US:Vanguard:RGAGX                          2.840 RGAGX {126.78 USD, 2023-02-06}
  Assets:US:Vanguard:Cash                         -360.06 USD

2023-02-17 * "Employer match for contribution"
  Assets:US:Vanguard:Cash                          600.00 USD
  Income:US:Hooli:Match401k                       -600.00 USD

2023-02-20 * "Investing 40% of cash in VBMPX"
  Assets:US:Vanguard:VBMPX                          4.390 VBMPX {109.34 USD, 2023-02-20}
  Assets:US:Vanguard:Cash                         -480.00 USD

2023-02-20 * "Investing 60% of cash in RGAGX"
  Assets:US:Vanguard:RGAGX                          5.640 RGAGX {127.65 USD, 2023-02-20}
  Assets:US:Vanguard:Cash                         -719.95 USD

2023-02-20 * "Investing 40% of cash in VBMPX"
  Assets:US:Vanguard:VBMPX                          2.195 VBMPX {109.34 USD, 2023-02-20}
  Assets:US:Vanguard:Cash                         -240.00 USD

2023-02-20 * "Investing 60% of cash in RGAGX"
  Assets:US:Vanguard:RGAGX                          2.820 RGAGX {127.65 USD, 2023-02-20}
  Assets:US:Vanguard:Cash                         -359.97 USD

2023-03-03 * "Employer match for contribution"
  Assets:US:Vanguard:Cash                          600.00 USD
  Income:US:Hooli:Match401k                       -600.00 USD

2023-03-06 * "Investing 40% of cash in VBMPX"
  Assets:US:Vanguard:VBMPX                          4.273 VBMPX {112.35 USD, 2023-03-06}
  Assets:US:Vanguard:Cash                         -480.07 USD

2023-03-06 * "Investing 60% of cash in RGAGX"
  Assets:US:Vanguard:RGAGX                          5.688 RGAGX {126.59 USD, 2023-03-06}
  Assets:US:Vanguard:Cash                         -720.04 USD

2023-03-06 * "Investing 40% of cash in VBMPX"
  Assets:US:Vanguard:VBMPX                          2.136 VBMPX {112.35 USD, 2023-03-06}
  Assets:US:Vanguard:Cash                         -239.98 USD

2023-03-06 * "Investing 60% of cash in RGAGX"
  Assets:US:Vanguard:RGAGX                          2.843 RGAGX {126.59 USD, 2023-03-06}
  Assets:US:Vanguard:Cash                         -359.90 USD

2023-03-17 * "Employer match for contribution"
  Assets:US:Vanguard:Cash                          600.00 USD
  Income:US:Hooli:Match401k                       -600.00 USD

2023-03-20 * "Investing 40% of cash in VBMPX"
  Assets:US:Vanguard:VBMPX                          4.108 VBMPX {116.86 USD, 2023-03-20}
  Assets:US:Vanguard:Cash                         -480.06 USD

2023-03-20 * "Investing 60% of cash in RGAGX"
  Assets:US:Vanguard:RGAGX                          5.715 RGAGX {126.00 USD, 2023-03-20}
  Assets:US:Vanguard:Cash                         -720.09 USD

2023-03-20 * "Investing 40% of cash in VBMPX"
  Assets:US:Vanguard:VBMPX                          2.053 VBMPX {116.86 USD, 2023-03-20}
  Assets:US:Vanguard:Cash                         -239.91 USD

2023-03-20 * "Investing 60% of cash in RGAGX"
  Assets:US:Vanguard:RGAGX                          2.857 RGAGX {126.00 USD, 2023-03-20}
  Assets:US:Vanguard:Cash                         -359.98 USD

2023-03-31 * "Employer match for contribution"
  Assets:US:Vanguard:Cash                          600.00 USD
  Income:US:Hooli:Match401k                       -600.00 USD

2023-04-03 * "Investing 40% of cash in VBMPX"
  Assets:US:Vanguard:VBMPX                          3.965 VBMPX {121.07 USD, 2023-04-03}
  Assets:US:Vanguard:Cash                         -480.04 USD

2023-04-03 * "Investing 60% of cash in RGAGX"
  Assets:US:Vanguard:RGAGX                          5.721 RGAGX {125.85 USD, 2023-04-03}
  Assets:US:Vanguard:Cash                         -719.99 USD

2023-04-03 * "Investing 40% of cash in VBMPX"
  Assets:US:Vanguard:VBMPX                          1.982 VBMPX {121.07 USD, 2023-04-03}
  Assets:US:Vanguard:Cash                         -239.96 USD

2023-04-03 * "Investing 60% of cash in RGAGX"
  Assets:US:Vanguard:RGAGX                          2.860 RGAGX {125.85 USD, 2023-04-03}
  Assets:US:Vanguard:Cash                         -359.93 USD

2023-04-14 * "Employer match for contribution"
  Assets:US:Vanguard:Cash                          600.00 USD
  Income:US:Hooli:Match401k                       -600.00 USD

2023-04-17 * "Investing 40% of cash in VBMPX"
  Assets:US:Vanguard:VBMPX                          3.885 VBMPX {123.55 USD, 2023-04-17}
  Assets:US:Vanguard:Cash                         -479.99 USD

2023-04-17 * "Investing 60% of cash in RGAGX"
  Assets:US:Vanguard:RGAGX                          5.716 RGAGX {125.97 USD, 2023-04-17}
  Assets:US:Vanguard:Cash                         -720.04 USD

2023-04-17 * "Investing 40% of cash in VBMPX"
  Assets:US:Vanguard:VBMPX                          1.943 VBMPX {123.55 USD, 2023-04-17}
  Assets:US:Vanguard:Cash                         -240.06 USD

2023-04-17 * "Investing 60% of cash in RGAGX"
  Assets:US:Vanguard:RGAGX                          2.858 RGAGX {125.97 USD, 2023-04-17}
  Assets:US:Vanguard:Cash                         -360.02 USD

2023-04-28 * "Employer match for contribution"
  Assets:US:Vanguard:Cash                          600.00 USD
  Income:US:Hooli:Match401k                       -600.00 USD

2023-05-01 * "Investing 40% of cash in VBMPX"
  Assets:US:Vanguard:VBMPX                          3.971 VBMPX {120.86 USD, 2023-05-01}
  Assets:US:Vanguard:Cash                         -479.94 USD

2023-05-01 * "Investing 60% of cash in RGAGX"
  Assets:US:Vanguard:RGAGX                          5.744 RGAGX {125.35 USD, 2023-05-01}
  Assets:US:Vanguard:Cash                         -720.01 USD

2023-05-01 * "Investing 40% of cash in VBMPX"
  Assets:US:Vanguard:VBMPX                          1.986 VBMPX {120.86 USD, 2023-05-01}
  Assets:US:Vanguard:Cash                         -240.03 USD

2023-05-01 * "Investing 60% of cash in RGAGX"
  Assets:US:Vanguard:RGAGX                          2.872 RGAGX {125.35 USD, 2023-05-01}
  Assets:US:Vanguard:Cash                         -360.01 USD

2023-05-12 * "Employer match for contribution"
  Assets:US:Vanguard:Cash                          600.00 USD
  Income:US:Hooli:Match401k                       -600.00 USD

2023-05-15 * "Investing 40% of cash in VBMPX"
  Assets:US:Vanguard:VBMPX                          3.989 VBMPX {120.33 USD, 2023-05-15}
  Assets:US:Vanguard:Cash                         -480.00 USD

2023-05-15 * "Investing 60% of cash in RGAGX"
  Assets:US:Vanguard:RGAGX                          5.784 RGAGX {124.49 USD, 2023-05-15}
  Assets:US:Vanguard:Cash                         -720.05 USD

2023-05-15 * "Investing 40% of cash in VBMPX"
  Assets:US:Vanguard:VBMPX                          1.994 VBMPX {120.33 USD, 2023-05-15}
  Assets:US:Vanguard:Cash                         -239.94 USD

2023-05-15 * "Investing 60% of cash in RGAGX"
  Assets:US:Vanguard:RGAGX                          2.892 RGAGX {124.49 USD, 2023-05-15}
  Assets:US:Vanguard:Cash                         -360.03 USD

2023-05-26 * "Employer match for contribution"
  Assets:US:Vanguard:Cash                          600.00 USD
  Income:US:Hooli:Match401k                       -600.00 USD

2023-05-29 * "Investing 40% of cash in VBMPX"
  Assets:US:Vanguard:VBMPX                          4.065 VBMPX {118.09 USD, 2023-05-29}
  Assets:US:Vanguard:Cash                         -480.04 USD

2023-05-29 * "Investing 60% of cash in RGAGX"
  Assets:US:Vanguard:RGAGX                          5.733 RGAGX {125.58 USD, 2023-05-29}
  Assets:US:Vanguard:Cash                         -719.95 USD

2023-05-29 * "Investing 40% of cash in VBMPX"
  Assets:US:Vanguard:VBMPX                          2.032 VBMPX {118.09 USD, 2023-05-29}
  Assets:US:Vanguard:Cash                         -239.96 USD

2023-05-29 * "Investing 60% of cash in RGAGX"
  Assets:US:Vanguard:RGAGX                          2.867 RGAGX {125.58 USD, 2023-05-29}
  Assets:US:Vanguard:Cash                         -360.04 USD

2023-06-09 * "Employer match for contribution"
  Assets:US:Vanguard:Cash                          600.00 USD
  Income:US:Hooli:Match401k                       -600.00 USD

2023-06-12 * "Investing 40% of cash in VBMPX"
  Assets:US:Vanguard:VBMPX                          4.153 VBMPX {115.57 USD, 2023-06-12}
  Assets:US:Vanguard:Cash                         -479.96 USD

2023-06-12 * "Investing 60% of cash in RGAGX"
  Assets:US:Vanguard:RGAGX                          5.569 RGAGX {129.29 USD, 2023-06-12}
  Assets:US:Vanguard:Cash                         -720.02 USD

2023-06-12 * "Investing 40% of cash in VBMPX"
  Assets:US:Vanguard:VBMPX                          2.077 VBMPX {115.57 USD, 2023-06-12}
  Assets:US:Vanguard:Cash                         -240.04 USD

2023-06-12 * "Investing 60% of cash in RGAGX"
  Assets:US:Vanguard:RGAGX                          2.784 RGAGX {129.29 USD, 2023-06-12}
  Assets:US:Vanguard:Cash                         -359.94 USD

2023-06-23 * "Employer match for contribution"
  Assets:US:Vanguard:Cash                          600.00 USD
  Income:US:Hooli:Match401k                       -600.00 USD

2023-06-26 * "Investing 40% of cash in VBMPX"
  Assets:US:Vanguard:VBMPX                          4.212 VBMPX {113.95 USD, 2023-06-26}
  Assets:US:Vanguard:Cash                         -479.96 USD

2023-06-26 * "Investing 60% of cash in RGAGX"
  Assets:US:Vanguard:RGAGX                          5.524 RGAGX {130.34 USD, 2023-06-26}
  Assets:US:Vanguard:Cash                         -720.00 USD

2023-06-26 * "Investing 40% of cash in VBMPX"
  Assets:US:Vanguard:VBMPX                          2.106 VBMPX {113.95 USD, 2023-06-26}
  Assets:US:Vanguard:Cash                         -239.98 USD

2023-06-26 * "Investing 60% of cash in RGAGX"
  Assets:US:Vanguard:RGAGX                          2.762 RGAGX {130.34 USD, 2023-06-26}
  Assets:US:Vanguard:Cash                         -360.00 USD

2023-07-07 * "Employer match for contribution"
  Assets:US:Vanguard:Cash                          600.00 USD
  Income:US:Hooli:Match401k                       -600.00 USD

2023-07-10 * "Investing 40% of cash in VBMPX"
  Assets:US:Vanguard:VBMPX                          4.091 VBMPX {117.35 USD, 2023-07-10}
  Assets:US:Vanguard:Cash                         -480.08 USD

2023-07-10 * "Investing 60% of cash in RGAGX"
  Assets:US:Vanguard:RGAGX                          5.457 RGAGX {131.96 USD, 2023-07-10}
  Assets:US:Vanguard:Cash                         -720.11 USD

2023-07-10 * "Investing 40% of cash in VBMPX"
  Assets:US:Vanguard:VBMPX                          2.045 VBMPX {117.35 USD, 2023-07-10}
  Assets:US:Vanguard:Cash                         -239.98 USD

2023-07-10 * "Investing 60% of cash in RGAGX"
  Assets:US:Vanguard:RGAGX                          2.728 RGAGX {131.96 USD, 2023-07-10}
  Assets:US:Vanguard:Cash                         -359.99 USD

2023-07-21 * "Employer match for contribution"
  Assets:US:Vanguard:Cash                          600.00 USD
  Income:US:Hooli:Match401k                       -600.00 USD

2023-07-24 * "Investing 40% of cash in VBMPX"
  Assets:US:Vanguard:VBMPX                          4.205 VBMPX {114.13 USD, 2023-07-24}
  Assets:US:Vanguard:Cash                         -479.92 USD

2023-07-24 * "Investing 60% of cash in RGAGX"
  Assets:US:Vanguard:RGAGX                          5.331 RGAGX {135.04 USD, 2023-07-24}
  Assets:US:Vanguard:Cash                         -719.90 USD

2023-07-24 * "Investing 40% of cash in VBMPX"
  Assets:US:Vanguard:VBMPX                          2.103 VBMPX {114.13 USD, 2023-07-24}
  Assets:US:Vanguard:Cash                         -240.02 USD

2023-07-24 * "Investing 60% of cash in RGAGX"
  Assets:US:Vanguard:RGAGX                          2.666 RGAGX {135.04 USD, 2023-07-24}
  Assets:US:Vanguard:Cash                         -360.02 USD

2023-08-04 * "Employer match for contribution"
  Assets:US:Vanguard:Cash                          250.00 USD
  Income:US:Hooli:Match401k                       -250.00 USD

2023-08-07 * "Investing 40% of cash in VBMPX"
  Assets:US:Vanguard:VBMPX                          1.724 VBMPX {116.02 USD, 2023-08-07}
  Assets:US:Vanguard:Cash                         -200.02 USD

2023-08-07 * "Investing 60% of cash in RGAGX"
  Assets:US:Vanguard:RGAGX                          2.295 RGAGX {130.74 USD, 2023-08-07}
  Assets:US:Vanguard:Cash                         -300.05 USD

2023-08-07 * "Investing 40% of cash in VBMPX"
  Assets:US:Vanguard:VBMPX                          0.862 VBMPX {116.02 USD, 2023-08-07}
  Assets:US:Vanguard:Cash                         -100.01 USD

2023-08-07 * "Investing 60% of cash in RGAGX"
  Assets:US:Vanguard:RGAGX                          1.147 RGAGX {130.74 USD, 2023-08-07}
  Assets:US:Vanguard:Cash                         -149.96 USD

2024-01-05 * "Employer match for contribution"
  Assets:US:Vanguard:Cash                          600.00 USD
  Income:US:Hooli:Match401k                       -600.00 USD

2024-01-08 * "Investing 40% of cash in VBMPX"
  Assets:US:Vanguard:VBMPX                          4.567 VBMPX {105.11 USD, 2024-01-08}
  Assets:US:Vanguard:Cash                         -480.04 USD

2024-01-08 * "Investing 60% of cash in RGAGX"
  Assets:US:Vanguard:RGAGX                          5.239 RGAGX {137.43 USD, 2024-01-08}
  Assets:US:Vanguard:Cash                         -720.00 USD

2024-01-08 * "Investing 40% of cash in VBMPX"
  Assets:US:Vanguard:VBMPX                          2.283 VBMPX {105.11 USD, 2024-01-08}
  Assets:US:Vanguard:Cash                         -239.97 USD

2024-01-08 * "Investing 60% of cash in RGAGX"
  Assets:US:Vanguard:RGAGX                          2.619 RGAGX {137.43 USD, 2024-01-08}
  Assets:US:Vanguard:Cash                         -359.93 USD

2024-01-19 * "Employer match for contribution"
  Assets:US:Vanguard:Cash                          600.00 USD
  Income:US:Hooli:Match401k                       -600.00 USD

2024-01-22 * "Investing 40% of cash in VBMPX"
  Assets:US:Vanguard:VBMPX                          4.461 VBMPX {107.60 USD, 2024-01-22}
  Assets:US:Vanguard:Cash                         -480.00 USD

2024-01-22 * "Investing 60% of cash in RGAGX"
  Assets:US:Vanguard:RGAGX                          5.211 RGAGX {138.18 USD, 2024-01-22}
  Assets:US:Vanguard:Cash                         -720.06 USD

2024-01-22 * "Investing 40% of cash in VBMPX"
  Assets:US:Vanguard:VBMPX                          2.231 VBMPX {107.60 USD, 2024-01-22}
  Assets:US:Vanguard:Cash                         -240.06 USD

2024-01-22 * "Investing 60% of cash in RGAGX"
  Assets:US:Vanguard:RGAGX                          2.605 RGAGX {138.18 USD, 2024-01-22}
  Assets:US:Vanguard:Cash                         -359.96 USD

2024-02-02 * "Employer match for contribution"
  Assets:US:Vanguard:Cash                          600.00 USD
  Income:US:Hooli:Match401k                       -600.00 USD

2024-02-05 * "Investing 40% of cash in VBMPX"
  Assets:US:Vanguard:VBMPX                          4.542 VBMPX {105.68 USD, 2024-02-05}
  Assets:US:Vanguard:Cash                         -480.00 USD

2024-02-05 * "Investing 60% of cash in RGAGX"
  Assets:US:Vanguard:RGAGX                          5.085 RGAGX {141.59 USD, 2024-02-05}
  Assets:US:Vanguard:Cash                         -719.99 USD

2024-02-05 * "Investing 40% of cash in VBMPX"
  Assets:US:Vanguard:VBMPX                          2.271 VBMPX {105.68 USD, 2024-02-05}
  Assets:US:Vanguard:Cash                         -240.00 USD

2024-02-05 * "Investing 60% of cash in RGAGX"
  Assets:US:Vanguard:RGAGX                          2.543 RGAGX {141.59 USD, 2024-02-05}
  Assets:US:Vanguard:Cash                         -360.06 USD

2024-02-16 * "Employer match for contribution"
  Assets:US:Vanguard:Cash                          600.00 USD
  Income:US:Hooli:Match401k                       -600.00 USD

2024-02-19 * "Investing 40% of cash in VBMPX"
  Assets:US:Vanguard:VBMPX                          4.532 VBMPX {105.90 USD, 2024-02-19}
  Assets:US:Vanguard:Cash                         -479.94 USD

2024-02-19 * "Investing 60% of cash in RGAGX"
  Assets:US:Vanguard:RGAGX                          5.127 RGAGX {140.42 USD, 2024-02-19}
  Assets:US:Vanguard:Cash                         -719.93 USD

2024-02-19 * "Investing 40% of cash in VBMPX"
  Assets:US:Vanguard:VBMPX                          2.267 VBMPX {105.90 USD, 2024-02-19}
  Assets:US:Vanguard:Cash                         -240.08 USD

2024-02-19 * "Investing 60% of cash in RGAGX"
  Assets:US:Vanguard:RGAGX                          2.564 RGAGX {140.42 USD, 2024-02-19}
  Assets:US:Vanguard:Cash                         -360.04 USD

2024-03-01 * "Employer match for contribution"
  Assets:US:Vanguard:Cash                          600.00 USD
  Income:US:Hooli:Match401k                       -600.00 USD

2024-03-04 * "Investing 40% of cash in VBMPX"
  Assets:US:Vanguard:VBMPX                          4.553 VBMPX {105.42 USD, 2024-03-04}
  Assets:US:Vanguard:Cash                         -479.98 USD

2024-03-04 * "Investing 60% of cash in RGAGX"
  Assets:US:Vanguard:RGAGX                          5.312 RGAGX {135.55 USD, 2024-03-04}
  Assets:US:Vanguard:Cash                         -720.04 USD

2024-03-04 * "Investing 40% of cash in VBMPX"
  Assets:US:Vanguard:VBMPX                          2.276 VBMPX {105.42 USD, 2024-03-04}
  Assets:US:Vanguard:Cash                         -239.94 USD

2024-03-04 * "Investing 60% of cash in RGAGX"
  Assets:US:Vanguard:RGAGX                          2.656 RGAGX {135.55 USD, 2024-03-04}
  Assets:US:Vanguard:Cash                         -360.02 USD

2024-03-15 * "Employer match for contribution"
  Assets:US:Vanguard:Cash                          600.00 USD
  Income:US:Hooli:Match401k                       -600.00 USD

2024-03-18 * "Investing 40% of cash in VBMPX"
  Assets:US:Vanguard:VBMPX                          4.496 VBMPX {106.76 USD, 2024-03-18}
  Assets:US:Vanguard:Cash                         -479.99 USD

2024-03-18 * "Investing 60% of cash in RGAGX"
  Assets:US:Vanguard:RGAGX                          5.376 RGAGX {133.93 USD, 2024-03-18}
  Assets:US:Vanguard:Cash                         -720.01 USD

2024-03-18 * "Investing 40% of cash in VBMPX"
  Assets:US:Vanguard:VBMPX                          2.248 VBMPX {106.76 USD, 2024-03-18}
  Assets:US:Vanguard:Cash                         -240.00 USD

2024-03-18 * "Investing 60% of cash in RGAGX"
  Assets:US:Vanguard:RGAGX                          2.688 RGAGX {133.93 USD, 2024-03-18}
  Assets:US:Vanguard:Cash                         -360.00 USD

2024-03-29 * "Employer match for contribution"
  Assets:US:Vanguard:Cash                          600.00 USD
  Income:US:Hooli:Match401k                       -600.00 USD

2024-04-01 * "Investing 40% of cash in VBMPX"
  Assets:US:Vanguard:VBMPX                          4.574 VBMPX {104.94 USD, 2024-04-01}
  Assets:US:Vanguard:Cash                         -480.00 USD

2024-04-01 * "Investing 60% of cash in RGAGX"
  Assets:US:Vanguard:RGAGX                          5.279 RGAGX {136.38 USD, 2024-04-01}
  Assets:US:Vanguard:Cash                         -719.95 USD

2024-04-01 * "Investing 40% of cash in VBMPX"
  Assets:US:Vanguard:VBMPX                          2.287 VBMPX {104.94 USD, 2024-04-01}
  Assets:US:Vanguard:Cash                         -240.00 USD

2024-04-01 * "Investing 60% of cash in RGAGX"
  Assets:US:Vanguard:RGAGX                          2.640 RGAGX {136.38 USD, 2024-04-01}
  Assets:US:Vanguard:Cash                         -360.04 USD

2024-04-12 * "Employer match for contribution"
  Assets:US:Vanguard:Cash                          600.00 USD
  Income:US:Hooli:Match401k                       -600.00 USD

2024-04-15 * "Investing 40% of cash in VBMPX"
  Assets:US:Vanguard:VBMPX                          4.744 VBMPX {101.17 USD, 2024-04-15}
  Assets:US:Vanguard:Cash                         -479.95 USD

2024-04-15 * "Investing 60% of cash in RGAGX"
  Assets:US:Vanguard:RGAGX                          5.306 RGAGX {135.69 USD, 2024-04-15}
  Assets:US:Vanguard:Cash                         -719.97 USD

2024-04-15 * "Investing 40% of cash in VBMPX"
  Assets:US:Vanguard:VBMPX                          2.373 VBMPX {101.17 USD, 2024-04-15}
  Assets:US:Vanguard:Cash                         -240.08 USD

2024-04-15 * "Investing 60% of cash in RGAGX"
  Assets:US:Vanguard:RGAGX                          2.653 RGAGX {135.69 USD, 2024-04-15}
  Assets:US:Vanguard:Cash                         -359.99 USD

2024-04-26 * "Employer match for contribution"
  Assets:US:Vanguard:Cash                          600.00 USD
  Income:US:Hooli:Match401k                       -600.00 USD

2024-04-29 * "Investing 40% of cash in VBMPX"
  Assets:US:Vanguard:VBMPX                          4.491 VBMPX {106.87 USD, 2024-04-29}
  Assets:US:Vanguard:Cash                         -479.95 USD

2024-04-29 * "Investing 60% of cash in RGAGX"
  Assets:US:Vanguard:RGAGX                          5.338 RGAGX {134.87 USD, 2024-04-29}
  Assets:US:Vanguard:Cash                         -719.94 USD

2024-04-29 * "Investing 40% of cash in VBMPX"
  Assets:US:Vanguard:VBMPX                          2.246 VBMPX {106.87 USD, 2024-04-29}
  Assets:US:Vanguard:Cash                         -240.03 USD

2024-04-29 * "Investing 60% of cash in RGAGX"
  Assets:US:Vanguard:RGAGX                          2.670 RGAGX {134.87 USD, 2024-04-29}
  Assets:US:Vanguard:Cash                         -360.10 USD

2024-05-10 * "Employer match for contribution"
  Assets:US:Vanguard:Cash                          600.00 USD
  Income:US:Hooli:Match401k                       -600.00 USD

2024-05-13 * "Investing 40% of cash in VBMPX"
  Assets:US:Vanguard:VBMPX                          4.443 VBMPX {108.04 USD, 2024-05-13}
  Assets:US:Vanguard:Cash                         -480.02 USD

2024-05-13 * "Investing 60% of cash in RGAGX"
  Assets:US:Vanguard:RGAGX                          5.349 RGAGX {134.61 USD, 2024-05-13}
  Assets:US:Vanguard:Cash                         -720.03 USD

2024-05-13 * "Investing 40% of cash in VBMPX"
  Assets:US:Vanguard:VBMPX                          2.221 VBMPX {108.04 USD, 2024-05-13}
  Assets:US:Vanguard:Cash                         -239.96 USD

2024-05-13 * "Investing 60% of cash in RGAGX"
  Assets:US:Vanguard:RGAGX                          2.674 RGAGX {134.61 USD, 2024-05-13}
  Assets:US:Vanguard:Cash                         -359.95 USD

2024-05-24 * "Employer match for contribution"
  Assets:US:Vanguard:Cash                          600.00 USD
  Income:US:Hooli:Match401k                       -600.00 USD

2024-05-27 * "Investing 40% of cash in VBMPX"
  Assets:US:Vanguard:VBMPX                          4.495 VBMPX {106.79 USD, 2024-05-27}
  Assets:US:Vanguard:Cash                         -480.02 USD

2024-05-27 * "Investing 60% of cash in RGAGX"
  Assets:US:Vanguard:RGAGX                          5.227 RGAGX {137.75 USD, 2024-05-27}
  Assets:US:Vanguard:Cash                         -720.02 USD

2024-05-27 * "Investing 40% of cash in VBMPX"
  Assets:US:Vanguard:VBMPX                          2.247 VBMPX {106.79 USD, 2024-05-27}
  Assets:US:Vanguard:Cash                         -239.96 USD

2024-05-27 * "Investing 60% of cash in RGAGX"
  Assets:US:Vanguard:RGAGX                          2.613 RGAGX {137.75 USD, 2024-05-27}
  Assets:US:Vanguard:Cash                         -359.94 USD

2024-06-07 * "Employer match for contribution"
  Assets:US:Vanguard:Cash                          600.00 USD
  Income:US:Hooli:Match401k                       -600.00 USD

2024-06-10 * "Investing 40% of cash in VBMPX"
  Assets:US:Vanguard:VBMPX                          4.513 VBMPX {106.37 USD, 2024-06-10}
  Assets:US:Vanguard:Cash                         -480.05 USD

2024-06-10 * "Investing 60% of cash in RGAGX"
  Assets:US:Vanguard:RGAGX                          5.222 RGAGX {137.89 USD, 2024-06-10}
  Assets:US:Vanguard:Cash                         -720.06 USD

2024-06-10 * "Investing 40% of cash in VBMPX"
  Assets:US:Vanguard:VBMPX                          2.256 VBMPX {106.37 USD, 2024-06-10}
  Assets:US:Vanguard:Cash                         -239.97 USD

2024-06-10 * "Investing 60% of cash in RGAGX"
  Assets:US:Vanguard:RGAGX                          2.611 RGAGX {137.89 USD, 2024-06-10}
  Assets:US:Vanguard:Cash                         -360.03 USD

2024-06-21 * "Employer match for contribution"
  Assets:US:Vanguard:Cash                          600.00 USD
  Income:US:Hooli:Match401k                       -600.00 USD

2024-06-24 * "Investing 40% of cash in VBMPX"
  Assets:US:Vanguard:VBMPX                          4.589 VBMPX {104.60 USD, 2024-06-24}
  Assets:US:Vanguard:Cash                         -480.01 USD

2024-06-24 * "Investing 60% of cash in RGAGX"
  Assets:US:Vanguard:RGAGX                          5.161 RGAGX {139.50 USD, 2024-06-24}
  Assets:US:Vanguard:Cash                         -719.96 USD

2024-06-24 * "Investing 40% of cash in VBMPX"
  Assets:US:Vanguard:VBMPX                          2.294 VBMPX {104.60 USD, 2024-06-24}
  Assets:US:Vanguard:Cash                         -239.95 USD

2024-06-24 * "Investing 60% of cash in RGAGX"
  Assets:US:Vanguard:RGAGX                          2.581 RGAGX {139.50 USD, 2024-06-24}
  Assets:US:Vanguard:Cash                         -360.05 USD

2024-07-05 * "Employer match for contribution"
  Assets:US:Vanguard:Cash                          600.00 USD
  Income:US:Hooli:Match401k                       -600.00 USD

2024-07-08 * "Investing 40% of cash in VBMPX"
  Assets:US:Vanguard:VBMPX                          4.552 VBMPX {105.45 USD, 2024-07-08}
  Assets:US:Vanguard:Cash                         -480.01 USD

2024-07-08 * "Investing 60% of cash in RGAGX"
  Assets:US:Vanguard:RGAGX                          5.114 RGAGX {140.78 USD, 2024-07-08}
  Assets:US:Vanguard:Cash                         -719.95 USD

2024-07-08 * "Investing 40% of cash in VBMPX"
  Assets:US:Vanguard:VBMPX                          2.276 VBMPX {105.45 USD, 2024-07-08}
  Assets:US:Vanguard:Cash                         -240.00 USD

2024-07-08 * "Investing 60% of cash in RGAGX"
  Assets:US:Vanguard:RGAGX                          2.557 RGAGX {140.78 USD, 2024-07-08}
  Assets:US:Vanguard:Cash                         -359.97 USD

2024-07-19 * "Employer match for contribution"
  Assets:US:Vanguard:Cash                          600.00 USD
  Income:US:Hooli:Match401k                       -600.00 USD

2024-07-22 * "Investing 40% of cash in VBMPX"
  Assets:US:Vanguard:VBMPX                          4.437 VBMPX {108.18 USD, 2024-07-22}
  Assets:US:Vanguard:Cash                         -479.99 USD

2024-07-22 * "Investing 60% of cash in RGAGX"
  Assets:US:Vanguard:RGAGX                          5.052 RGAGX {142.52 USD, 2024-07-22}
  Assets:US:Vanguard:Cash                         -720.01 USD

2024-07-22 * "Investing 40% of cash in VBMPX"
  Assets:US:Vanguard:VBMPX                          2.219 VBMPX {108.18 USD, 2024-07-22}
  Assets:US:Vanguard:Cash                         -240.05 USD

2024-07-22 * "Investing 60% of cash in RGAGX"
  Assets:US:Vanguard:RGAGX                          2.526 RGAGX {142.52 USD, 2024-07-22}
  Assets:US:Vanguard:Cash                         -360.01 USD

2024-08-02 * "Employer match for contribution"
  Assets:US:Vanguard:Cash                          250.00 USD
  Income:US:Hooli:Match401k                       -250.00 USD

2024-08-05 * "Investing 40% of cash in VBMPX"
  Assets:US:Vanguard:VBMPX                          1.816 VBMPX {110.13 USD, 2024-08-05}
  Assets:US:Vanguard:Cash                         -200.00 USD

2024-08-05 * "Investing 60% of cash in RGAGX"
  Assets:US:Vanguard:RGAGX                          2.077 RGAGX {144.43 USD, 2024-08-05}
  Assets:US:Vanguard:Cash                         -299.98 USD

2024-08-05 * "Investing 40% of cash in VBMPX"
  Assets:US:Vanguard:VBMPX                          0.908 VBMPX {110.13 USD, 2024-08-05}
  Assets:US:Vanguard:Cash                         -100.00 USD

2024-08-05 * "Investing 60% of cash in RGAGX"
  Assets:US:Vanguard:RGAGX                          1.039 RGAGX {144.43 USD, 2024-08-05}
  Assets:US:Vanguard:Cash                         -150.06 USD



* Sources of Income

2022-01-01 open Income:US:Hooli:Salary                      USD
2022-01-01 open Income:US:Hooli:GroupTermLife               USD
2022-01-01 open Income:US:Hooli:Vacation                    VACHR
2022-01-01 open Assets:US:Hooli:Vacation                    VACHR
2022-01-01 open Expenses:Vacation                               VACHR
2022-01-01 open Expenses:Health:Life:GroupTermLife
2022-01-01 open Expenses:Health:Medical:Insurance
2022-01-01 open Expenses:Health:Dental:Insurance
2022-01-01 open Expenses:Health:Vision:Insurance

2022-01-01 event "employer" "Hooli, 1 Carloston Rd, Mountain Beer, CA"

2022-01-06 * "Hooli" "Payroll"
  Assets:US:BofA:Checking                         1350.60 USD
  Assets:US:Vanguard:Cash                         1200.00 USD
  Income:US:Hooli:Salary                         -4615.38 USD
  Income:US:Hooli:GroupTermLife                    -24.32 USD
  Expenses:Health:Life:GroupTermLife                24.32 USD
  Expenses:Health:Dental:Insurance                   2.90 USD
  Expenses:Health:Medical:Insurance                 27.38 USD
  Expenses:Health:Vision:Insurance                  42.30 USD
  Expenses:Taxes:Y2022:US:Medicare                 106.62 USD
  Expenses:Taxes:Y2022:US:Federal                 1062.92 USD
  Expenses:Taxes:Y2022:US:State                    365.08 USD
  Expenses:Taxes:Y2022:US:CityNYC                  174.92 USD
  Expenses:Taxes:Y2022:US:SDI                        1.12 USD
  Expenses:Taxes:Y2022:US:SocSec                   281.54 USD
  Assets:US:Federal:PreTax401k                   -1200.00 IRAUSD
  Expenses:Taxes:Y2022:US:Federal:PreTax401k      1200.00 IRAUSD
  Assets:US:Hooli:Vacation                              5 VACHR
  Income:US:Hooli:Vacation                             -5 VACHR

2022-01-20 * "Hooli" "Payroll"
  Assets:US:BofA:Checking                         1350.60 USD
  Assets:US:Vanguard:Cash                         1200.00 USD
  Income:US:Hooli:Salary                         -4615.38 USD
  Income:US:Hooli:GroupTermLife                    -24.32 USD
  Expenses:Health:Life:GroupTermLife                24.32 USD
  Expenses:Health:Dental:Insurance                   2.90 USD
  Expenses:Health:Medical:Insurance                 27.38 USD
  Expenses:Health:Vision:Insurance                  42.30 USD
  Expenses:Taxes:Y2022:US:Medicare                 106.62 USD
  Expenses:Taxes:Y2022:US:Federal                 1062.92 USD
  Expenses:Taxes:Y2022:US:State                    365.08 USD
  Expenses:Taxes:Y2022:US:CityNYC                  174.92 USD
  Expenses:Taxes:Y2022:US:SDI                        1.12 USD
  Expenses:Taxes:Y2022:US:SocSec                   281.54 USD
  Assets:US:Federal:PreTax401k                   -1200.00 IRAUSD
  Expenses:Taxes:Y2022:US:Federal:PreTax401k      1200.00 IRAUSD
  Assets:US:Hooli:Vacation                              5 VACHR
  Income:US:Hooli:Vacation                             -5 VACHR

2022-02-03 * "Hooli" "Payroll"
  Assets:US:BofA:Checking                         1350.60 USD
  Assets:US:Vanguard:Cash                         1200.00 USD
  Income:US:Hooli:Salary                         -4615.38 USD
  Income:US:Hooli:GroupTermLife                    -24.32 USD
  Expenses:Health:Life:GroupTermLife                24.32 USD
  Expenses:Health:Dental:Insurance                   2.90 USD
  Expenses:Health:Medical:Insurance                 27.38 USD
  Expenses:Health:Vision:Insurance                  42.30 USD
  Expenses:Taxes:Y2022:US:Medicare                 106.62 USD
  Expenses:Taxes:Y2022:US:Federal                 1062.92 USD
  Expenses:Taxes:Y2022:US:State                    365.08 USD
  Expenses:Taxes:Y2022:US:CityNYC                  174.92 USD
  Expenses:Taxes:Y2022:US:SDI                        1.12 USD
  Expenses:Taxes:Y2022:US:SocSec                   281.54 USD
  Assets:US:Federal:PreTax401k                   -1200.00 IRAUSD
  Expenses:Taxes:Y2022:US:Federal:PreTax401k      1200.00 IRAUSD
  Assets:US:Hooli:Vacation                              5 VACHR
  Income:US:Hooli:Vacation                             -5 VACHR

2022-02-17 * "Hooli" "Payroll"
  Assets:US:BofA:Checking                         1350.60 USD
  Assets:US:Vanguard:Cash                         1200.00 USD
  Income:US:Hooli:Salary                         -4615.38 USD
  Income:US:Hooli:GroupTermLife                    -24.32 USD
  Expenses:Health:Life:GroupTermLife                24.32 USD
  Expenses:Health:Dental:Insurance                   2.90 USD
  Expenses:Health:Medical:Insurance                 27.38 USD
  Expenses:Health:Vision:Insurance                  42.30 USD
  Expenses:Taxes:Y2022:US:Medicare                 106.62 USD
  Expenses:Taxes:Y2022:US:Federal                 1062.92 USD
  Expenses:Taxes:Y2022:US:State                    365.08 USD
  Expenses:Taxes:Y2022:US:CityNYC                  174.92 USD
  Expenses:Taxes:Y2022:US:SDI                        1.12 USD
  Expenses:Taxes:Y2022:US:SocSec                   281.54 USD
  Assets:US:Federal:PreTax401k                   -1200.00 IRAUSD
  Expenses:Taxes:Y2022:US:Federal:PreTax401k      1200.00 IRAUSD
  Assets:US:Hooli:Vacation                              5 VACHR
  Income:US:Hooli:Vacation                             -5 VACHR

2022-03-03 * "Hooli" "Payroll"
  Assets:US:BofA:Checking                         1350.60 USD
  Assets:US:Vanguard:Cash                         1200.00 USD
  Income:US:Hooli:Salary                         -4615.38 USD
  Income:US:Hooli:GroupTermLife                    -24.32 USD
  Expenses:Health:Life:GroupTermLife                24.32 USD
  Expenses:Health:Dental:Insurance                   2.90 USD
  Expenses:Health:Medical:Insurance                 27.38 USD
  Expenses:Health:Vision:Insurance                  42.30 USD
  Expenses:Taxes:Y2022:US:Medicare                 106.62 USD
  Expenses:Taxes:Y2022:US:Federal                 1062.92 USD
  Expenses:Taxes:Y2022:US:State                    365.08 USD
  Expenses:Taxes:Y2022:US:CityNYC                  174.92 USD
  Expenses:Taxes:Y2022:US:SDI                        1.12 USD
  Expenses:Taxes:Y2022:US:SocSec                   281.54 USD
  Assets:US:Federal:PreTax401k                   -1200.00 IRAUSD
  Expenses:Taxes:Y2022:US:Federal:PreTax401k      1200.00 IRAUSD
  Assets:US:Hooli:Vacation                              5 VACHR
  Income:US:Hooli:Vacation                             -5 VACHR

2022-03-17 * "Hooli" "Payroll"
  Assets:US:BofA:Checking                         1350.60 USD
  Assets:US:Vanguard:Cash                         1200.00 USD
  Income:US:Hooli:Salary                         -4615.38 USD
  Income:US:Hooli:GroupTermLife                    -24.32 USD
  Expenses:Health:Life:GroupTermLife                24.32 USD
  Expenses:Health:Dental:Insurance                   2.90 USD
  Expenses:Health:Medical:Insurance                 27.38 USD
  Expenses:Health:Vision:Insurance                  42.30 USD
  Expenses:Taxes:Y2022:US:Medicare                 106.62 USD
  Expenses:Taxes:Y2022:US:Federal                 1062.92 USD
  Expenses:Taxes:Y2022:US:State                    365.08 USD
  Expenses:Taxes:Y2022:US:CityNYC                  174.92 USD
  Expenses:Taxes:Y2022:US:SDI                        1.12 USD
  Expenses:Taxes:Y2022:US:SocSec                   281.54 USD
  Assets:US:Federal:PreTax401k                   -1200.00 IRAUSD
  Expenses:Taxes:Y2022:US:Federal:PreTax401k      1200.00 IRAUSD
  Assets:US:Hooli:Vacation                              5 VACHR
  Income:US:Hooli:Vacation                             -5 VACHR

2022-03-31 * "Hooli" "Payroll"
  Assets:US:BofA:Checking                         1350.60 USD
  Assets:US:Vanguard:Cash                         1200.00 USD
  Income:US:Hooli:Salary                         -4615.38 USD
  Income:US:Hooli:GroupTermLife                    -24.32 USD
  Expenses:Health:Life:GroupTermLife                24.32 USD
  Expenses:Health:Dental:Insurance                   2.90 USD
  Expenses:Health:Medical:Insurance                 27.38 USD
  Expenses:Health:Vision:Insurance                  42.30 USD
  Expenses:Taxes:Y2022:US:Medicare                 106.62 USD
  Expenses:Taxes:Y2022:US:Federal                 1062.92 USD
  Expenses:Taxes:Y2022:US:State                    365.08 USD
  Expenses:Taxes:Y2022:US:CityNYC                  174.92 USD
  Expenses:Taxes:Y2022:US:SDI                        1.12 USD
  Expenses:Taxes:Y2022:US:SocSec                   281.54 USD
  Assets:US:Federal:PreTax401k                   -1200.00 IRAUSD
  Expenses:Taxes:Y2022:US:Federal:PreTax401k      1200.00 IRAUSD
  Assets:US:Hooli:Vacation                              5 VACHR
  Income:US:Hooli:Vacation                             -5 VACHR

2022-04-14 * "Hooli" "Payroll"
  Assets:US:BofA:Checking                         1350.60 USD
  Assets:US:Vanguard:Cash                         1200.00 USD
  Income:US:Hooli:Salary                         -4615.38 USD
  Income:US:Hooli:GroupTermLife                    -24.32 USD
  Expenses:Health:Life:GroupTermLife                24.32 USD
  Expenses:Health:Dental:Insurance                   2.90 USD
  Expenses:Health:Medical:Insurance                 27.38 USD
  Expenses:Health:Vision:Insurance                  42.30 USD
  Expenses:Taxes:Y2022:US:Medicare                 106.62 USD
  Expenses:Taxes:Y2022:US:Federal                 1062.92 USD
  Expenses:Taxes:Y2022:US:State                    365.08 USD
  Expenses:Taxes:Y2022:US:CityNYC                  174.92 USD
  Expenses:Taxes:Y2022:US:SDI                        1.12 USD
  Expenses:Taxes:Y2022:US:SocSec                   281.54 USD
  Assets:US:Federal:PreTax401k                   -1200.00 IRAUSD
  Expenses:Taxes:Y2022:US:Federal:PreTax401k      1200.00 IRAUSD
  Assets:US:Hooli:Vacation                              5 VACHR
  Income:US:Hooli:Vacation                             -5 VACHR

2022-04-28 * "Hooli" "Payroll"
  Assets:US:BofA:Checking                         1350.60 USD
  Assets:US:Vanguard:Cash                         1200.00 USD
  Income:US:Hooli:Salary                         -4615.38 USD
  Income:US:Hooli:GroupTermLife                    -24.32 USD
  Expenses:Health:Life:GroupTermLife                24.32 USD
  Expenses:Health:Dental:Insurance                   2.90 USD
  Expenses:Health:Medical:Insurance                 27.38 USD
  Expenses:Health:Vision:Insurance                  42.30 USD
  Expenses:Taxes:Y2022:US:Medicare                 106.62 USD
  Expenses:Taxes:Y2022:US:Federal                 1062.92 USD
  Expenses:Taxes:Y2022:US:State                    365.08 USD
  Expenses:Taxes:Y2022:US:CityNYC                  174.92 USD
  Expenses:Taxes:Y2022:US:SDI                        1.12 USD
  Expenses:Taxes:Y2022:US:SocSec                   281.54 USD
  Assets:US:Federal:PreTax401k                   -1200.00 IRAUSD
  Expenses:Taxes:Y2022:US:Federal:PreTax401k      1200.00 IRAUSD
  Assets:US:Hooli:Vacation                              5 VACHR
  Income:US:Hooli:Vacation                             -5 VACHR

2022-05-12 * "Hooli" "Payroll"
  Assets:US:BofA:Checking                         1350.60 USD
  Assets:US:Vanguard:Cash                         1200.00 USD
  Income:US:Hooli:Salary                         -4615.38 USD
  Income:US:Hooli:GroupTermLife                    -24.32 USD
  Expenses:Health:Life:GroupTermLife                24.32 USD
  Expenses:Health:Dental:Insurance                   2.90 USD
  Expenses:Health:Medical:Insurance                 27.38 USD
  Expenses:Health:Vision:Insurance                  42.30 USD
  Expenses:Taxes:Y2022:US:Medicare                 106.62 USD
  Expenses:Taxes:Y2022:US:Federal                 1062.92 USD
  Expenses:Taxes:Y2022:US:State                    365.08 USD
  Expenses:Taxes:Y2022:US:CityNYC                  174.92 USD
  Expenses:Taxes:Y2022:US:SDI                        1.12 USD
  Expenses:Taxes:Y2022:US:SocSec                   281.54 USD
  Assets:US:Federal:PreTax401k                   -1200.00 IRAUSD
  Expenses:Taxes:Y2022:US:Federal:PreTax401k      1200.00 IRAUSD
  Assets:US:Hooli:Vacation                              5 VACHR
  Income:US:Hooli:Vacation                             -5 VACHR

2022-05-26 * "Hooli" "Payroll"
  Assets:US:BofA:Checking                         1350.60 USD
  Assets:US:Vanguard:Cash                         1200.00 USD
  Income:US:Hooli:Salary                         -4615.38 USD
  Income:US:Hooli:GroupTermLife                    -24.32 USD
  Expenses:Health:Life:GroupTermLife                24.32 USD
  Expenses:Health:Dental:Insurance                   2.90 USD
  Expenses:Health:Medical:Insurance                 27.38 USD
  Expenses:Health:Vision:Insurance                  42.30 USD
  Expenses:Taxes:Y2022:US:Medicare                 106.62 USD
  Expenses:Taxes:Y2022:US:Federal                 1062.92 USD
  Expenses:Taxes:Y2022:US:State                    365.08 USD
  Expenses:Taxes:Y2022:US:CityNYC                  174.92 USD
  Expenses:Taxes:Y2022:US:SDI                        1.12 USD
  Expenses:Taxes:Y2022:US:SocSec                   281.54 USD
  Assets:US:Federal:PreTax401k                   -1200.00 IRAUSD
  Expenses:Taxes:Y2022:US:Federal:PreTax401k      1200.00 IRAUSD
  Assets:US:Hooli:Vacation                              5 VACHR
  Income:US:Hooli:Vacation                             -5 VACHR

2022-06-09 * "Hooli" "Payroll"
  Assets:US:BofA:Checking                         1350.60 USD
  Assets:US:Vanguard:Cash                         1200.00 USD
  Income:US:Hooli:Salary                         -4615.38 USD
  Income:US:Hooli:GroupTermLife                    -24.32 USD
  Expenses:Health:Life:GroupTermLife                24.32 USD
  Expenses:Health:Dental:Insurance                   2.90 USD
  Expenses:Health:Medical:Insurance                 27.38 USD
  Expenses:Health:Vision:Insurance                  42.30 USD
  Expenses:Taxes:Y2022:US:Medicare                 106.62 USD
  Expenses:Taxes:Y2022:US:Federal                 1062.92 USD
  Expenses:Taxes:Y2022:US:State                    365.08 USD
  Expenses:Taxes:Y2022:US:CityNYC                  174.92 USD
  Expenses:Taxes:Y2022:US:SDI                        1.12 USD
  Expenses:Taxes:Y2022:US:SocSec                   281.54 USD
  Assets:US:Federal:PreTax401k                   -1200.00 IRAUSD
  Expenses:Taxes:Y2022:US:Federal:PreTax401k      1200.00 IRAUSD
  Assets:US:Hooli:Vacation                              5 VACHR
  Income:US:Hooli:Vacation                             -5 VACHR

2022-06-23 * "Hooli" "Payroll"
  Assets:US:BofA:Checking                         1350.60 USD
  Assets:US:Vanguard:Cash                         1200.00 USD
  Income:US:Hooli:Salary                         -4615.38 USD
  Income:US:Hooli:GroupTermLife                    -24.32 USD
  Expenses:Health:Life:GroupTermLife                24.32 USD
  Expenses:Health:Dental:Insurance                   2.90 USD
  Expenses:Health:Medical:Insurance                 27.38 USD
  Expenses:Health:Vision:Insurance                  42.30 USD
  Expenses:Taxes:Y2022:US:Medicare                 106.62 USD
  Expenses:Taxes:Y2022:US:Federal                 1062.92 USD
  Expenses:Taxes:Y2022:US:State                    365.08 USD
  Expenses:Taxes:Y2022:US:CityNYC                  174.92 USD
  Expenses:Taxes:Y2022:US:SDI                        1.12 USD
  Expenses:Taxes:Y2022:US:SocSec                   281.54 USD
  Assets:US:Federal:PreTax401k                   -1200.00 IRAUSD
  Expenses:Taxes:Y2022:US:Federal:PreTax401k      1200.00 IRAUSD
  Assets:US:Hooli:Vacation                              5 VACHR
  Income:US:Hooli:Vacation                             -5 VACHR

2022-07-07 * "Hooli" "Payroll"
  Assets:US:BofA:Checking                         1350.60 USD
  Assets:US:Vanguard:Cash                         1200.00 USD
  Income:US:Hooli:Salary                         -4615.38 USD
  Income:US:Hooli:GroupTermLife                    -24.32 USD
  Expenses:Health:Life:GroupTermLife                24.32 USD
  Expenses:Health:Dental:Insurance                   2.90 USD
  Expenses:Health:Medical:Insurance                 27.38 USD
  Expenses:Health:Vision:Insurance                  42.30 USD
  Expenses:Taxes:Y2022:US:Medicare                 106.62 USD
  Expenses:Taxes:Y2022:US:Federal                 1062.92 USD
  Expenses:Taxes:Y2022:US:State                    365.08 USD
  Expenses:Taxes:Y2022:US:CityNYC                  174.92 USD
  Expenses:Taxes:Y2022:US:SDI                        1.12 USD
  Expenses:Taxes:Y2022:US:SocSec                   281.54 USD
  Assets:US:Federal:PreTax401k                   -1200.00 IRAUSD
  Expenses:Taxes:Y2022:US:Federal:PreTax401k      1200.00 IRAUSD
  Assets:US:Hooli:Vacation                              5 VACHR
  Income:US:Hooli:Vacation                             -5 VACHR

2022-07-21 * "Hooli" "Payroll"
  Assets:US:BofA:Checking                         1350.60 USD
  Assets:US:Vanguard:Cash                         1200.00 USD
  Income:US:Hooli:Salary                         -4615.38 USD
  Income:US:Hooli:GroupTermLife                    -24.32 USD
  Expenses:Health:Life:GroupTermLife                24.32 USD
  Expenses:Health:Dental:Insurance                   2.90 USD
  Expenses:Health:Medical:Insurance                 27.38 USD
  Expenses:Health:Vision:Insurance                  42.30 USD
  Expenses:Taxes:Y2022:US:Medicare                 106.62 USD
  Expenses:Taxes:Y2022:US:Federal                 1062.92 USD
  Expenses:Taxes:Y2022:US:State                    365.08 USD
  Expenses:Taxes:Y2022:US:CityNYC                  174.92 USD
  Expenses:Taxes:Y2022:US:SDI                        1.12 USD
  Expenses:Taxes:Y2022:US:SocSec                   281.54 USD
  Assets:US:Federal:PreTax401k                   -1200.00 IRAUSD
  Expenses:Taxes:Y2022:US:Federal:PreTax401k      1200.00 IRAUSD
  Assets:US:Hooli:Vacation                              5 VACHR
  Income:US:Hooli:Vacation                             -5 VACHR

2022-08-04 * "Hooli" "Payroll"
  Assets:US:BofA:Checking                         2050.60 USD
  Assets:US:Vanguard:Cash                          500.00 USD
  Income:US:Hooli:Salary                         -4615.38 USD
  Income:US:Hooli:GroupTermLife                    -24.32 USD
  Expenses:Health:Life:GroupTermLife                24.32 USD
  Expenses:Health:Dental:Insurance                   2.90 USD
  Expenses:Health:Medical:Insurance                 27.38 USD
  Expenses:Health:Vision:Insurance                  42.30 USD
  Expenses:Taxes:Y2022:US:Medicare                 106.62 USD
  Expenses:Taxes:Y2022:US:Federal                 1062.92 USD
  Expenses:Taxes:Y2022:US:State                    365.08 USD
  Expenses:Taxes:Y2022:US:CityNYC                  174.92 USD
  Expenses:Taxes:Y2022:US:SDI                        1.12 USD
  Expenses:Taxes:Y2022:US:SocSec                   281.54 USD
  Assets:US:Federal:PreTax401k                    -500.00 IRAUSD
  Expenses:Taxes:Y2022:US:Federal:PreTax401k       500.00 IRAUSD
  Assets:US:Hooli:Vacation                              5 VACHR
  Income:US:Hooli:Vacation                             -5 VACHR

2022-08-18 * "Hooli" "Payroll"
  Assets:US:BofA:Checking                         2550.60 USD
  Income:US:Hooli:Salary                         -4615.38 USD
  Income:US:Hooli:GroupTermLife                    -24.32 USD
  Expenses:Health:Life:GroupTermLife                24.32 USD
  Expenses:Health:Dental:Insurance                   2.90 USD
  Expenses:Health:Medical:Insurance                 27.38 USD
  Expenses:Health:Vision:Insurance                  42.30 USD
  Expenses:Taxes:Y2022:US:Medicare                 106.62 USD
  Expenses:Taxes:Y2022:US:Federal                 1062.92 USD
  Expenses:Taxes:Y2022:US:State                    365.08 USD
  Expenses:Taxes:Y2022:US:CityNYC                  174.92 USD
  Expenses:Taxes:Y2022:US:SDI                        1.12 USD
  Expenses:Taxes:Y2022:US:SocSec                   281.54 USD
  Assets:US:Hooli:Vacation                              5 VACHR
  Income:US:Hooli:Vacation                             -5 VACHR

2022-09-01 * "Hooli" "Payroll"
  Assets:US:BofA:Checking                         2550.60 USD
  Income:US:Hooli:Salary                         -4615.38 USD
  Income:US:Hooli:GroupTermLife                    -24.32 USD
  Expenses:Health:Life:GroupTermLife                24.32 USD
  Expenses:Health:Dental:Insurance                   2.90 USD
  Expenses:Health:Medical:Insurance                 27.38 USD
  Expenses:Health:Vision:Insurance                  42.30 USD
  Expenses:Taxes:Y2022:US:Medicare                 106.62 USD
  Expenses:Taxes:Y2022:US:Federal                 1062.92 USD
  Expenses:Taxes:Y2022:US:State                    365.08 USD
  Expenses:Taxes:Y2022:US:CityNYC                  174.92 USD
  Expenses:Taxes:Y2022:US:SDI                        1.12 USD
  Expenses:Taxes:Y2022:US:SocSec                   281.54 USD
  Assets:US:Hooli:Vacation                              5 VACHR
  Income:US:Hooli:Vacation                             -5 VACHR

2022-09-15 * "Hooli" "Payroll"
  Assets:US:BofA:Checking                         2550.60 USD
  Income:US:Hooli:Salary                         -4615.38 USD
  Income:US:Hooli:GroupTermLife                    -24.32 USD
  Expenses:Health:Life:GroupTermLife                24.32 USD
  Expenses:Health:Dental:Insurance                   2.90 USD
  Expenses:Health:Medical:Insurance                 27.38 USD
  Expenses:Health:Vision:Insurance                  42.30 USD
  Expenses:Taxes:Y2022:US:Medicare                 106.62 USD
  Expenses:Taxes:Y2022:US:Federal                 1062.92 USD
  Expenses:Taxes:Y2022:US:State                    365.08 USD
  Expenses:Taxes:Y2022:US:CityNYC                  174.92 USD
  Expenses:Taxes:Y2022:US:SDI                        1.12 USD
  Expenses:Taxes:Y2022:US:SocSec                   281.54 USD
  Assets:US:Hooli:Vacation                              5 VACHR
  Income:US:Hooli:Vacation                             -5 VACHR

2022-09-29 * "Hooli" "Payroll"
  Assets:US:BofA:Checking                         2550.60 USD
  Income:US:Hooli:Salary                         -4615.38 USD
  Income:US:Hooli:GroupTermLife                    -24.32 USD
  Expenses:Health:Life:GroupTermLife                24.32 USD
  Expenses:Health:Dental:Insurance                   2.90 USD
  Expenses:Health:Medical:Insurance                 27.38 USD
  Expenses:Health:Vision:Insurance                  42.30 USD
  Expenses:Taxes:Y2022:US:Medicare                 106.62 USD
  Expenses:Taxes:Y2022:US:Federal                 1062.92 USD
  Expenses:Taxes:Y2022:US:State                    365.08 USD
  Expenses:Taxes:Y2022:US:CityNYC                  174.92 USD
  Expenses:Taxes:Y2022:US:SDI                        1.12 USD
  Expenses:Taxes:Y2022:US:SocSec                   281.54 USD
  Assets:US:Hooli:Vacation                              5 VACHR
  Income:US:Hooli:Vacation                             -5 VACHR

2022-10-13 * "Hooli" "Payroll"
  Assets:US:BofA:Checking                         2550.60 USD
  Income:US:Hooli:Salary                         -4615.38 USD
  Income:US:Hooli:GroupTermLife                    -24.32 USD
  Expenses:Health:Life:GroupTermLife                24.32 USD
  Expenses:Health:Dental:Insurance                   2.90 USD
  Expenses:Health:Medical:Insurance                 27.38 USD
  Expenses:Health:Vision:Insurance                  42.30 USD
  Expenses:Taxes:Y2022:US:Medicare                 106.62 USD
  Expenses:Taxes:Y2022:US:Federal                 1062.92 USD
  Expenses:Taxes:Y2022:US:State                    365.08 USD
  Expenses:Taxes:Y2022:US:CityNYC                  174.92 USD
  Expenses:Taxes:Y2022:US:SDI                        1.12 USD
  Expenses:Taxes:Y2022:US:SocSec                   281.54 USD
  Assets:US:Hooli:Vacation                              5 VACHR
  Income:US:Hooli:Vacation                             -5 VACHR

2022-10-27 * "Hooli" "Payroll"
  Assets:US:BofA:Checking                         2550.60 USD
  Income:US:Hooli:Salary                         -4615.38 USD
  Income:US:Hooli:GroupTermLife                    -24.32 USD
  Expenses:Health:Life:GroupTermLife                24.32 USD
  Expenses:Health:Dental:Insurance                   2.90 USD
  Expenses:Health:Medical:Insurance                 27.38 USD
  Expenses:Health:Vision:Insurance                  42.30 USD
  Expenses:Taxes:Y2022:US:Medicare                 106.62 USD
  Expenses:Taxes:Y2022:US:Federal                 1062.92 USD
  Expenses:Taxes:Y2022:US:State                    365.08 USD
  Expenses:Taxes:Y2022:US:CityNYC                  174.92 USD
  Expenses:Taxes:Y2022:US:SDI                        1.12 USD
  Expenses:Taxes:Y2022:US:SocSec                   281.54 USD
  Assets:US:Hooli:Vacation                              5 VACHR
  Income:US:Hooli:Vacation                             -5 VACHR

2022-11-10 * "Hooli" "Payroll"
  Assets:US:BofA:Checking                         2550.60 USD
  Income:US:Hooli:Salary                         -4615.38 USD
  Income:US:Hooli:GroupTermLife                    -24.32 USD
  Expenses:Health:Life:GroupTermLife                24.32 USD
  Expenses:Health:Dental:Insurance                   2.90 USD
  Expenses:Health:Medical:Insurance                 27.38 USD
  Expenses:Health:Vision:Insurance                  42.30 USD
  Expenses:Taxes:Y2022:US:Medicare                 106.62 USD
  Expenses:Taxes:Y2022:US:Federal                 1062.92 USD
  Expenses:Taxes:Y2022:US:State                    365.08 USD
  Expenses:Taxes:Y2022:US:CityNYC                  174.92 USD
  Expenses:Taxes:Y2022:US:SDI                        1.12 USD
  Expenses:Taxes:Y2022:US:SocSec                   281.54 USD
  Assets:US:Hooli:Vacation                              5 VACHR
  Income:US:Hooli:Vacation                             -5 VACHR

2022-11-24 * "Hooli" "Payroll"
  Assets:US:BofA:Checking                         2550.60 USD
  Income:US:Hooli:Salary                         -4615.38 USD
  Income:US:Hooli:GroupTermLife                    -24.32 USD
  Expenses:Health:Life:GroupTermLife                24.32 USD
  Expenses:Health:Dental:Insurance                   2.90 USD
  Expenses:Health:Medical:Insurance                 27.38 USD
  Expenses:Health:Vision:Insurance                  42.30 USD
  Expenses:Taxes:Y2022:US:Medicare                 106.62 USD
  Expenses:Taxes:Y2022:US:Federal                 1062.92 USD
  Expenses:Taxes:Y2022:US:State                    365.08 USD
  Expenses:Taxes:Y2022:US:CityNYC                  174.92 USD
  Expenses:Taxes:Y2022:US:SDI                        1.12 USD
  Expenses:Taxes:Y2022:US:SocSec                   281.54 USD
  Assets:US:Hooli:Vacation                              5 VACHR
  Income:US:Hooli:Vacation                             -5 VACHR

2022-12-08 * "Hooli" "Payroll"
  Assets:US:BofA:Checking                         2589.06 USD
  Income:US:Hooli:Salary                         -4615.38 USD
  Income:US:Hooli:GroupTermLife                    -24.32 USD
  Expenses:Health:Life:GroupTermLife                24.32 USD
  Expenses:Health:Dental:Insurance                   2.90 USD
  Expenses:Health:Medical:Insurance                 27.38 USD
  Expenses:Health:Vision:Insurance                  42.30 USD
  Expenses:Taxes:Y2022:US:Medicare                 106.62 USD
  Expenses:Taxes:Y2022:US:Federal                 1062.92 USD
  Expenses:Taxes:Y2022:US:State                    365.08 USD
  Expenses:Taxes:Y2022:US:CityNYC                  174.92 USD
  Expenses:Taxes:Y2022:US:SDI                        1.12 USD
  Expenses:Taxes:Y2022:US:SocSec                   243.08 USD
  Assets:US:Hooli:Vacation                              5 VACHR
  Income:US:Hooli:Vacation                             -5 VACHR

2022-12-22 * "Hooli" "Payroll"
  Assets:US:BofA:Checking                         2832.14 USD
  Income:US:Hooli:Salary                         -4615.38 USD
  Income:US:Hooli:GroupTermLife                    -24.32 USD
  Expenses:Health:Life:GroupTermLife                24.32 USD
  Expenses:Health:Dental:Insurance                   2.90 USD
  Expenses:Health:Medical:Insurance                 27.38 USD
  Expenses:Health:Vision:Insurance                  42.30 USD
  Expenses:Taxes:Y2022:US:Medicare                 106.62 USD
  Expenses:Taxes:Y2022:US:Federal                 1062.92 USD
  Expenses:Taxes:Y2022:US:State                    365.08 USD
  Expenses:Taxes:Y2022:US:CityNYC                  174.92 USD
  Expenses:Taxes:Y2022:US:SDI                        1.12 USD
  Expenses:Taxes:Y2022:US:SocSec                     0.00 USD
  Assets:US:Hooli:Vacation                              5 VACHR
  Income:US:Hooli:Vacation                             -5 VACHR

2023-01-05 * "Hooli" "Payroll"
  Assets:US:BofA:Checking                         1350.60 USD
  Assets:US:Vanguard:Cash                         1200.00 USD
  Income:US:Hooli:Salary                         -4615.38 USD
  Income:US:Hooli:GroupTermLife                    -24.32 USD
  Expenses:Health:Life:GroupTermLife                24.32 USD
  Expenses:Health:Dental:Insurance                   2.90 USD
  Expenses:Health:Medical:Insurance                 27.38 USD
  Expenses:Health:Vision:Insurance                  42.30 USD
  Expenses:Taxes:Y2023:US:Medicare                 106.62 USD
  Expenses:Taxes:Y2023:US:Federal                 1062.92 USD
  Expenses:Taxes:Y2023:US:State                    365.08 USD
  Expenses:Taxes:Y2023:US:CityNYC                  174.92 USD
  Expenses:Taxes:Y2023:US:SDI                        1.12 USD
  Expenses:Taxes:Y2023:US:SocSec                   281.54 USD
  Assets:US:Federal:PreTax401k                   -1200.00 IRAUSD
  Expenses:Taxes:Y2023:US:Federal:PreTax401k      1200.00 IRAUSD
  Assets:US:Hooli:Vacation                              5 VACHR
  Income:US:Hooli:Vacation                             -5 VACHR

2023-01-19 * "Hooli" "Payroll"
  Assets:US:BofA:Checking                         1350.60 USD
  Assets:US:Vanguard:Cash                         1200.00 USD
  Income:US:Hooli:Salary                         -4615.38 USD
  Income:US:Hooli:GroupTermLife                    -24.32 USD
  Expenses:Health:Life:GroupTermLife                24.32 USD
  Expenses:Health:Dental:Insurance                   2.90 USD
  Expenses:Health:Medical:Insurance                 27.38 USD
  Expenses:Health:Vision:Insurance                  42.30 USD
  Expenses:Taxes:Y2023:US:Medicare                 106.62 USD
  Expenses:Taxes:Y2023:US:Federal                 1062.92 USD
  Expenses:Taxes:Y2023:US:State                    365.08 USD
  Expenses:Taxes:Y2023:US:CityNYC                  174.92 USD
  Expenses:Taxes:Y2023:US:SDI                        1.12 USD
  Expenses:Taxes:Y2023:US:SocSec                   281.54 USD
  Assets:US:Federal:PreTax401k                   -1200.00 IRAUSD
  Expenses:Taxes:Y2023:US:Federal:PreTax401k      1200.00 IRAUSD
  Assets:US:Hooli:Vacation                              5 VACHR
  Income:US:Hooli:Vacation                             -5 VACHR

2023-02-02 * "Hooli" "Payroll"
  Assets:US:BofA:Checking                         1350.60 USD
  Assets:US:Vanguard:Cash                         1200.00 USD
  Income:US:Hooli:Salary                         -4615.38 USD
  Income:US:Hooli:GroupTermLife                    -24.32 USD
  Expenses:Health:Life:GroupTermLife                24.32 USD
  Expenses:Health:Dental:Insurance                   2.90 USD
  Expenses:Health:Medical:Insurance                 27.38 USD
  Expenses:Health:Vision:Insurance                  42.30 USD
  Expenses:Taxes:Y2023:US:Medicare                 106.62 USD
  Expenses:Taxes:Y2023:US:Federal                 1062.92 USD
  Expenses:Taxes:Y2023:US:State                    365.08 USD
  Expenses:Taxes:Y2023:US:CityNYC                  174.92 USD
  Expenses:Taxes:Y2023:US:SDI                        1.12 USD
  Expenses:Taxes:Y2023:US:SocSec                   281.54 USD
  Assets:US:Federal:PreTax401k                   -1200.00 IRAUSD
  Expenses:Taxes:Y2023:US:Federal:PreTax401k      1200.00 IRAUSD
  Assets:US:Hooli:Vacation                              5 VACHR
  Income:US:Hooli:Vacation                             -5 VACHR

2023-02-16 * "Hooli" "Payroll"
  Assets:US:BofA:Checking                         1350.60 USD
  Assets:US:Vanguard:Cash                         1200.00 USD
  Income:US:Hooli:Salary                         -4615.38 USD
  Income:US:Hooli:GroupTermLife                    -24.32 USD
  Expenses:Health:Life:GroupTermLife                24.32 USD
  Expenses:Health:Dental:Insurance                   2.90 USD
  Expenses:Health:Medical:Insurance                 27.38 USD
  Expenses:Health:Vision:Insurance                  42.30 USD
  Expenses:Taxes:Y2023:US:Medicare                 106.62 USD
  Expenses:Taxes:Y2023:US:Federal                 1062.92 USD
  Expenses:Taxes:Y2023:US:State                    365.08 USD
  Expenses:Taxes:Y2023:US:CityNYC                  174.92 USD
  Expenses:Taxes:Y2023:US:SDI                        1.12 USD
  Expenses:Taxes:Y2023:US:SocSec                   281.54 USD
  Assets:US:Federal:PreTax401k                   -1200.00 IRAUSD
  Expenses:Taxes:Y2023:US:Federal:PreTax401k      1200.00 IRAUSD
  Assets:US:Hooli:Vacation                              5 VACHR
  Income:US:Hooli:Vacation                             -5 VACHR

2023-03-02 * "Hooli" "Payroll"
  Assets:US:BofA:Checking                         1350.60 USD
  Assets:US:Vanguard:Cash                         1200.00 USD
  Income:US:Hooli:Salary                         -4615.38 USD
  Income:US:Hooli:GroupTermLife                    -24.32 USD
  Expenses:Health:Life:GroupTermLife                24.32 USD
  Expenses:Health:Dental:Insurance                   2.90 USD
  Expenses:Health:Medical:Insurance                 27.38 USD
  Expenses:Health:Vision:Insurance                  42.30 USD
  Expenses:Taxes:Y2023:US:Medicare                 106.62 USD
  Expenses:Taxes:Y2023:US:Federal                 1062.92 USD
  Expenses:Taxes:Y2023:US:State                    365.08 USD
  Expenses:Taxes:Y2023:US:CityNYC                  174.92 USD
  Expenses:Taxes:Y2023:US:SDI                        1.12 USD
  Expenses:Taxes:Y2023:US:SocSec                   281.54 USD
  Assets:US:Federal:PreTax401k                   -1200.00 IRAUSD
  Expenses:Taxes:Y2023:US:Federal:PreTax401k      1200.00 IRAUSD
  Assets:US:Hooli:Vacation                              5 VACHR
  Income:US:Hooli:Vacation                             -5 VACHR

2023-03-16 * "Hooli" "Payroll"
  Assets:US:BofA:Checking                         1350.60 USD
  Assets:US:Vanguard:Cash                         1200.00 USD
  Income:US:Hooli:Salary                         -4615.38 USD
  Income:US:Hooli:GroupTermLife                    -24.32 USD
  Expenses:Health:Life:GroupTermLife                24.32 USD
  Expenses:Health:Dental:Insurance                   2.90 USD
  Expenses:Health:Medical:Insurance                 27.38 USD
  Expenses:Health:Vision:Insurance                  42.30 USD
  Expenses:Taxes:Y2023:US:Medicare                 106.62 USD
  Expenses:Taxes:Y2023:US:Federal                 1062.92 USD
  Expenses:Taxes:Y2023:US:State                    365.08 USD
  Expenses:Taxes:Y2023:US:CityNYC                  174.92 USD
  Expenses:Taxes:Y2023:US:SDI                        1.12 USD
  Expenses:Taxes:Y2023:US:SocSec                   281.54 USD
  Assets:US:Federal:PreTax401k                   -1200.00 IRAUSD
  Expenses:Taxes:Y2023:US:Federal:PreTax401k      1200.00 IRAUSD
  Assets:US:Hooli:Vacation                              5 VACHR
  Income:US:Hooli:Vacation                             -5 VACHR

2023-03-30 * "Hooli" "Payroll"
  Assets:US:BofA:Checking                         1350.60 USD
  Assets:US:Vanguard:Cash                         1200.00 USD
  Income:US:Hooli:Salary                         -4615.38 USD
  Income:US:Hooli:GroupTermLife                    -24.32 USD
  Expenses:Health:Life:GroupTermLife                24.32 USD
  Expenses:Health:Dental:Insurance                   2.90 USD
  Expenses:Health:Medical:Insurance                 27.38 USD
  Expenses:Health:Vision:Insurance                  42.30 USD
  Expenses:Taxes:Y2023:US:Medicare                 106.62 USD
  Expenses:Taxes:Y2023:US:Federal                 1062.92 USD
  Expenses:Taxes:Y2023:US:State                    365.08 USD
  Expenses:Taxes:Y2023:US:CityNYC                  174.92 USD
  Expenses:Taxes:Y2023:US:SDI                        1.12 USD
  Expenses:Taxes:Y2023:US:SocSec                   281.54 USD
  Assets:US:Federal:PreTax401k                   -1200.00 IRAUSD
  Expenses:Taxes:Y2023:US:Federal:PreTax401k      1200.00 IRAUSD
  Assets:US:Hooli:Vacation                              5 VACHR
  Income:US:Hooli:Vacation                             -5 VACHR

2023-04-13 * "Hooli" "Payroll"
  Assets:US:BofA:Checking                         1350.60 USD
  Assets:US:Vanguard:Cash                         1200.00 USD
  Income:US:Hooli:Salary                         -4615.38 USD
  Income:US:Hooli:GroupTermLife                    -24.32 USD
  Expenses:Health:Life:GroupTermLife                24.32 USD
  Expenses:Health:Dental:Insurance                   2.90 USD
  Expenses:Health:Medical:Insurance                 27.38 USD
  Expenses:Health:Vision:Insurance                  42.30 USD
  Expenses:Taxes:Y2023:US:Medicare                 106.62 USD
  Expenses:Taxes:Y2023:US:Federal                 1062.92 USD
  Expenses:Taxes:Y2023:US:State                    365.08 USD
  Expenses:Taxes:Y2023:US:CityNYC                  174.92 USD
  Expenses:Taxes:Y2023:US:SDI                        1.12 USD
  Expenses:Taxes:Y2023:US:SocSec                   281.54 USD
  Assets:US:Federal:PreTax401k                   -1200.00 IRAUSD
  Expenses:Taxes:Y2023:US:Federal:PreTax401k      1200.00 IRAUSD
  Assets:US:Hooli:Vacation                              5 VACHR
  Income:US:Hooli:Vacation                             -5 VACHR

2023-04-27 * "Hooli" "Payroll"
  Assets:US:BofA:Checking                         1350.60 USD
  Assets:US:Vanguard:Cash                         1200.00 USD
  Income:US:Hooli:Salary                         -4615.38 USD
  Income:US:Hooli:GroupTermLife                    -24.32 USD
  Expenses:Health:Life:GroupTermLife                24.32 USD
  Expenses:Health:Dental:Insurance                   2.90 USD
  Expenses:Health:Medical:Insurance                 27.38 USD
  Expenses:Health:Vision:Insurance                  42.30 USD
  Expenses:Taxes:Y2023:US:Medicare                 106.62 USD
  Expenses:Taxes:Y2023:US:Federal                 1062.92 USD
  Expenses:Taxes:Y2023:US:State                    365.08 USD
  Expenses:Taxes:Y2023:US:CityNYC                  174.92 USD
  Expenses:Taxes:Y2023:US:SDI                        1.12 USD
  Expenses:Taxes:Y2023:US:SocSec                   281.54 USD
  Assets:US:Federal:PreTax401k                   -1200.00 IRAUSD
  Expenses:Taxes:Y2023:US:Federal:PreTax401k      1200.00 IRAUSD
  Assets:US:Hooli:Vacation                              5 VACHR
  Income:US:Hooli:Vacation                             -5 VACHR

2023-05-11 * "Hooli" "Payroll"
  Assets:US:BofA:Checking                         1350.60 USD
  Assets:US:Vanguard:Cash                         1200.00 USD
  Income:US:Hooli:Salary                         -4615.38 USD
  Income:US:Hooli:GroupTermLife                    -24.32 USD
  Expenses:Health:Life:GroupTermLife                24.32 USD
  Expenses:Health:Dental:Insurance                   2.90 USD
  Expenses:Health:Medical:Insurance                 27.38 USD
  Expenses:Health:Vision:Insurance                  42.30 USD
  Expenses:Taxes:Y2023:US:Medicare                 106.62 USD
  Expenses:Taxes:Y2023:US:Federal                 1062.92 USD
  Expenses:Taxes:Y2023:US:State                    365.08 USD
  Expenses:Taxes:Y2023:US:CityNYC                  174.92 USD
  Expenses:Taxes:Y2023:US:SDI                        1.12 USD
  Expenses:Taxes:Y2023:US:SocSec                   281.54 USD
  Assets:US:Federal:PreTax401k                   -1200.00 IRAUSD
  Expenses:Taxes:Y2023:US:Federal:PreTax401k      1200.00 IRAUSD
  Assets:US:Hooli:Vacation                              5 VACHR
  Income:US:Hooli:Vacation                             -5 VACHR

2023-05-25 * "Hooli" "Payroll"
  Assets:US:BofA:Checking                         1350.60 USD
  Assets:US:Vanguard:Cash                         1200.00 USD
  Income:US:Hooli:Salary                         -4615.38 USD
  Income:US:Hooli:GroupTermLife                    -24.32 USD
  Expenses:Health:Life:GroupTermLife                24.32 USD
  Expenses:Health:Dental:Insurance                   2.90 USD
  Expenses:Health:Medical:Insurance                 27.38 USD
  Expenses:Health:Vision:Insurance                  42.30 USD
  Expenses:Taxes:Y2023:US:Medicare                 106.62 USD
  Expenses:Taxes:Y2023:US:Federal                 1062.92 USD
  Expenses:Taxes:Y2023:US:State                    365.08 USD
  Expenses:Taxes:Y2023:US:CityNYC                  174.92 USD
  Expenses:Taxes:Y2023:US:SDI                        1.12 USD
  Expenses:Taxes:Y2023:US:SocSec                   281.54 USD
  Assets:US:Federal:PreTax401k                   -1200.00 IRAUSD
  Expenses:Taxes:Y2023:US:Federal:PreTax401k      1200.00 IRAUSD
  Assets:US:Hooli:Vacation                              5 VACHR
  Income:US:Hooli:Vacation                             -5 VACHR

2023-06-08 * "Hooli" "Payroll"
  Assets:US:BofA:Checking                         1350.60 USD
  Assets:US:Vanguard:Cash                         1200.00 USD
  Income:US:Hooli:Salary                         -4615.38 USD
  Income:US:Hooli:GroupTermLife                    -24.32 USD
  Expenses:Health:Life:GroupTermLife                24.32 USD
  Expenses:Health:Dental:Insurance                   2.90 USD
  Expenses:Health:Medical:Insurance                 27.38 USD
  Expenses:Health:Vision:Insurance                  42.30 USD
  Expenses:Taxes:Y2023:US:Medicare                 106.62 USD
  Expenses:Taxes:Y2023:US:Federal                 1062.92 USD
  Expenses:Taxes:Y2023:US:State                    365.08 USD
  Expenses:Taxes:Y2023:US:CityNYC                  174.92 USD
  Expenses:Taxes:Y2023:US:SDI                        1.12 USD
  Expenses:Taxes:Y2023:US:SocSec                   281.54 USD
  Assets:US:Federal:PreTax401k                   -1200.00 IRAUSD
  Expenses:Taxes:Y2023:US:Federal:PreTax401k      1200.00 IRAUSD
  Assets:US:Hooli:Vacation                              5 VACHR
  Income:US:Hooli:Vacation                             -5 VACHR

2023-06-22 * "Hooli" "Payroll"
  Assets:US:BofA:Checking                         1350.60 USD
  Assets:US:Vanguard:Cash                         1200.00 USD
  Income:US:Hooli:Salary                         -4615.38 USD
  Income:US:Hooli:GroupTermLife                    -24.32 USD
  Expenses:Health:Life:GroupTermLife                24.32 USD
  Expenses:Health:Dental:Insurance                   2.90 USD
  Expenses:Health:Medical:Insurance                 27.38 USD
  Expenses:Health:Vision:Insurance                  42.30 USD
  Expenses:Taxes:Y2023:US:Medicare                 106.62 USD
  Expenses:Taxes:Y2023:US:Federal                 1062.92 USD
  Expenses:Taxes:Y2023:US:State                    365.08 USD
  Expenses:Taxes:Y2023:US:CityNYC                  174.92 USD
  Expenses:Taxes:Y2023:US:SDI                        1.12 USD
  Expenses:Taxes:Y2023:US:SocSec                   281.54 USD
  Assets:US:Federal:PreTax401k                   -1200.00 IRAUSD
  Expenses:Taxes:Y2023:US:Federal:PreTax401k      1200.00 IRAUSD
  Assets:US:Hooli:Vacation                              5 VACHR
  Income:US:Hooli:Vacation                             -5 VACHR

2023-07-06 * "Hooli" "Payroll"
  Assets:US:BofA:Checking                         1350.60 USD
  Assets:US:Vanguard:Cash                         1200.00 USD
  Income:US:Hooli:Salary                         -4615.38 USD
  Income:US:Hooli:GroupTermLife                    -24.32 USD
  Expenses:Health:Life:GroupTermLife                24.32 USD
  Expenses:Health:Dental:Insurance                   2.90 USD
  Expenses:Health:Medical:Insurance                 27.38 USD
  Expenses:Health:Vision:Insurance                  42.30 USD
  Expenses:Taxes:Y2023:US:Medicare                 106.62 USD
  Expenses:Taxes:Y2023:US:Federal                 1062.92 USD
  Expenses:Taxes:Y2023:US:State                    365.08 USD
  Expenses:Taxes:Y2023:US:CityNYC                  174.92 USD
  Expenses:Taxes:Y2023:US:SDI                        1.12 USD
  Expenses:Taxes:Y2023:US:SocSec                   281.54 USD
  Assets:US:Federal:PreTax401k                   -1200.00 IRAUSD
  Expenses:Taxes:Y2023:US:Federal:PreTax401k      1200.00 IRAUSD
  Assets:US:Hooli:Vacation                              5 VACHR
  Income:US:Hooli:Vacation                             -5 VACHR

2023-07-20 * "Hooli" "Payroll"
  Assets:US:BofA:Checking                         1350.60 USD
  Assets:US:Vanguard:Cash                         1200.00 USD
  Income:US:Hooli:Salary                         -4615.38 USD
  Income:US:Hooli:GroupTermLife                    -24.32 USD
  Expenses:Health:Life:GroupTermLife                24.32 USD
  Expenses:Health:Dental:Insurance                   2.90 USD
  Expenses:Health:Medical:Insurance                 27.38 USD
  Expenses:Health:Vision:Insurance                  42.30 USD
  Expenses:Taxes:Y2023:US:Medicare                 106.62 USD
  Expenses:Taxes:Y2023:US:Federal                 1062.92 USD
  Expenses:Taxes:Y2023:US:State                    365.08 USD
  Expenses:Taxes:Y2023:US:CityNYC                  174.92 USD
  Expenses:Taxes:Y2023:US:SDI                        1.12 USD
  Expenses:Taxes:Y2023:US:SocSec                   281.54 USD
  Assets:US:Federal:PreTax401k                   -1200.00 IRAUSD
  Expenses:Taxes:Y2023:US:Federal:PreTax401k      1200.00 IRAUSD
  Assets:US:Hooli:Vacation                              5 VACHR
  Income:US:Hooli:Vacation                             -5 VACHR

2023-08-03 * "Hooli" "Payroll"
  Assets:US:BofA:Checking                         2050.60 USD
  Assets:US:Vanguard:Cash                          500.00 USD
  Income:US:Hooli:Salary                         -4615.38 USD
  Income:US:Hooli:GroupTermLife                    -24.32 USD
  Expenses:Health:Life:GroupTermLife                24.32 USD
  Expenses:Health:Dental:Insurance                   2.90 USD
  Expenses:Health:Medical:Insurance                 27.38 USD
  Expenses:Health:Vision:Insurance                  42.30 USD
  Expenses:Taxes:Y2023:US:Medicare                 106.62 USD
  Expenses:Taxes:Y2023:US:Federal                 1062.92 USD
  Expenses:Taxes:Y2023:US:State                    365.08 USD
  Expenses:Taxes:Y2023:US:CityNYC                  174.92 USD
  Expenses:Taxes:Y2023:US:SDI                        1.12 USD
  Expenses:Taxes:Y2023:US:SocSec                   281.54 USD
  Assets:US:Federal:PreTax401k                    -500.00 IRAUSD
  Expenses:Taxes:Y2023:US:Federal:PreTax401k       500.00 IRAUSD
  Assets:US:Hooli:Vacation                              5 VACHR
  Income:US:Hooli:Vacation                             -5 VACHR

2023-08-17 * "Hooli" "Payroll"
  Assets:US:BofA:Checking                         2550.60 USD
  Income:US:Hooli:Salary                         -4615.38 USD
  Income:US:Hooli:GroupTermLife                    -24.32 USD
  Expenses:Health:Life:GroupTermLife                24.32 USD
  Expenses:Health:Dental:Insurance                   2.90 USD
  Expenses:Health:Medical:Insurance                 27.38 USD
  Expenses:Health:Vision:Insurance                  42.30 USD
  Expenses:Taxes:Y2023:US:Medicare                 106.62 USD
  Expenses:Taxes:Y2023:US:Federal                 1062.92 USD
  Expenses:Taxes:Y2023:US:State                    365.08 USD
  Expenses:Taxes:Y2023:US:CityNYC                  174.92 USD
  Expenses:Taxes:Y2023:US:SDI                        1.12 USD
  Expenses:Taxes:Y2023:US:SocSec                   281.54 USD
  Assets:US:Hooli:Vacation                              5 VACHR
  Income:US:Hooli:Vacation                             -5 VACHR

2023-08-31 * "Hooli" "Payroll"
  Assets:US:BofA:Checking                         2550.60 USD
  Income:US:Hooli:Salary                         -4615.38 USD
  Income:US:Hooli:GroupTermLife                    -24.32 USD
  Expenses:Health:Life:GroupTermLife                24.32 USD
  Expenses:Health:Dental:Insurance                   2.90 USD
  Expenses:Health:Medical:Insurance                 27.38 USD
  Expenses:Health:Vision:Insurance                  42.30 USD
  Expenses:Taxes:Y2023:US:Medicare                 106.62 USD
  Expenses:Taxes:Y2023:US:Federal                 1062.92 USD
  Expenses:Taxes:Y2023:US:State                    365.08 USD
  Expenses:Taxes:Y2023:US:CityNYC                  174.92 USD
  Expenses:Taxes:Y2023:US:SDI                        1.12 USD
  Expenses:Taxes:Y2023:US:SocSec                   281.54 USD
  Assets:US:Hooli:Vacation                              5 VACHR
  Income:US:Hooli:Vacation                             -5 VACHR

2023-09-14 * "Hooli" "Payroll"
  Assets:US:BofA:Checking                         2550.60 USD
  Income:US:Hooli:Salary                         -4615.38 USD
  Income:US:Hooli:GroupTermLife                    -24.32 USD
  Expenses:Health:Life:GroupTermLife                24.32 USD
  Expenses:Health:Dental:Insurance                   2.90 USD
  Expenses:Health:Medical:Insurance                 27.38 USD
  Expenses:Health:Vision:Insurance                  42.30 USD
  Expenses:Taxes:Y2023:US:Medicare                 106.62 USD
  Expenses:Taxes:Y2023:US:Federal                 1062.92 USD
  Expenses:Taxes:Y2023:US:State                    365.08 USD
  Expenses:Taxes:Y2023:US:CityNYC                  174.92 USD
  Expenses:Taxes:Y2023:US:SDI                        1.12 USD
  Expenses:Taxes:Y2023:US:SocSec                   281.54 USD
  Assets:US:Hooli:Vacation                              5 VACHR
  Income:US:Hooli:Vacation                             -5 VACHR

2023-09-28 * "Hooli" "Payroll"
  Assets:US:BofA:Checking                         2550.60 USD
  Income:US:Hooli:Salary                         -4615.38 USD
  Income:US:Hooli:GroupTermLife                    -24.32 USD
  Expenses:Health:Life:GroupTermLife                24.32 USD
  Expenses:Health:Dental:Insurance                   2.90 USD
  Expenses:Health:Medical:Insurance                 27.38 USD
  Expenses:Health:Vision:Insurance                  42.30 USD
  Expenses:Taxes:Y2023:US:Medicare                 106.62 USD
  Expenses:Taxes:Y2023:US:Federal                 1062.92 USD
  Expenses:Taxes:Y2023:US:State                    365.08 USD
  Expenses:Taxes:Y2023:US:CityNYC                  174.92 USD
  Expenses:Taxes:Y2023:US:SDI                        1.12 USD
  Expenses:Taxes:Y2023:US:SocSec                   281.54 USD
  Assets:US:Hooli:Vacation                              5 VACHR
  Income:US:Hooli:Vacation                             -5 VACHR

2023-10-12 * "Hooli" "Payroll"
  Assets:US:BofA:Checking                         2550.60 USD
  Income:US:Hooli:Salary                         -4615.38 USD
  Income:US:Hooli:GroupTermLife                    -24.32 USD
  Expenses:Health:Life:GroupTermLife                24.32 USD
  Expenses:Health:Dental:Insurance                   2.90 USD
  Expenses:Health:Medical:Insurance                 27.38 USD
  Expenses:Health:Vision:Insurance                  42.30 USD
  Expenses:Taxes:Y2023:US:Medicare                 106.62 USD
  Expenses:Taxes:Y2023:US:Federal                 1062.92 USD
  Expenses:Taxes:Y2023:US:State                    365.08 USD
  Expenses:Taxes:Y2023:US:CityNYC                  174.92 USD
  Expenses:Taxes:Y2023:US:SDI                        1.12 USD
  Expenses:Taxes:Y2023:US:SocSec                   281.54 USD
  Assets:US:Hooli:Vacation                              5 VACHR
  Income:US:Hooli:Vacation                             -5 VACHR

2023-10-26 * "Hooli" "Payroll"
  Assets:US:BofA:Checking                         2550.60 USD
  Income:US:Hooli:Salary                         -4615.38 USD
  Income:US:Hooli:GroupTermLife                    -24.32 USD
  Expenses:Health:Life:GroupTermLife                24.32 USD
  Expenses:Health:Dental:Insurance                   2.90 USD
  Expenses:Health:Medical:Insurance                 27.38 USD
  Expenses:Health:Vision:Insurance                  42.30 USD
  Expenses:Taxes:Y2023:US:Medicare                 106.62 USD
  Expenses:Taxes:Y2023:US:Federal                 1062.92 USD
  Expenses:Taxes:Y2023:US:State                    365.08 USD
  Expenses:Taxes:Y2023:US:CityNYC                  174.92 USD
  Expenses:Taxes:Y2023:US:SDI                        1.12 USD
  Expenses:Taxes:Y2023:US:SocSec                   281.54 USD
  Assets:US:Hooli:Vacation                              5 VACHR
  Income:US:Hooli:Vacation                             -5 VACHR

2023-11-09 * "Hooli" "Payroll"
  Assets:US:BofA:Checking                         2550.60 USD
  Income:US:Hooli:Salary                         -4615.38 USD
  Income:US:Hooli:GroupTermLife                    -24.32 USD
  Expenses:Health:Life:GroupTermLife                24.32 USD
  Expenses:Health:Dental:Insurance                   2.90 USD
  Expenses:Health:Medical:Insurance                 27.38 USD
  Expenses:Health:Vision:Insurance                  42.30 USD
  Expenses:Taxes:Y2023:US:Medicare                 106.62 USD
  Expenses:Taxes:Y2023:US:Federal                 1062.92 USD
  Expenses:Taxes:Y2023:US:State                    365.08 USD
  Expenses:Taxes:Y2023:US:CityNYC                  174.92 USD
  Expenses:Taxes:Y2023:US:SDI                        1.12 USD
  Expenses:Taxes:Y2023:US:SocSec                   281.54 USD
  Assets:US:Hooli:Vacation                              5 VACHR
  Income:US:Hooli:Vacation                             -5 VACHR

2023-11-23 * "Hooli" "Payroll"
  Assets:US:BofA:Checking                         2550.60 USD
  Income:US:Hooli:Salary                         -4615.38 USD
  Income:US:Hooli:GroupTermLife                    -24.32 USD
  Expenses:Health:Life:GroupTermLife                24.32 USD
  Expenses:Health:Dental:Insurance                   2.90 USD
  Expenses:Health:Medical:Insurance                 27.38 USD
  Expenses:Health:Vision:Insurance                  42.30 USD
  Expenses:Taxes:Y2023:US:Medicare                 106.62 USD
  Expenses:Taxes:Y2023:US:Federal                 1062.92 USD
  Expenses:Taxes:Y2023:US:State                    365.08 USD
  Expenses:Taxes:Y2023:US:CityNYC                  174.92 USD
  Expenses:Taxes:Y2023:US:SDI                        1.12 USD
  Expenses:Taxes:Y2023:US:SocSec                   281.54 USD
  Assets:US:Hooli:Vacation                              5 VACHR
  Income:US:Hooli:Vacation                             -5 VACHR

2023-12-07 * "Hooli" "Payroll"
  Assets:US:BofA:Checking                         2589.06 USD
  Income:US:Hooli:Salary                         -4615.38 USD
  Income:US:Hooli:GroupTermLife                    -24.32 USD
  Expenses:Health:Life:GroupTermLife                24.32 USD
  Expenses:Health:Dental:Insurance                   2.90 USD
  Expenses:Health:Medical:Insurance                 27.38 USD
  Expenses:Health:Vision:Insurance                  42.30 USD
  Expenses:Taxes:Y2023:US:Medicare                 106.62 USD
  Expenses:Taxes:Y2023:US:Federal                 1062.92 USD
  Expenses:Taxes:Y2023:US:State                    365.08 USD
  Expenses:Taxes:Y2023:US:CityNYC                  174.92 USD
  Expenses:Taxes:Y2023:US:SDI                        1.12 USD
  Expenses:Taxes:Y2023:US:SocSec                   243.08 USD
  Assets:US:Hooli:Vacation                              5 VACHR
  Income:US:Hooli:Vacation                             -5 VACHR

2023-12-21 * "Hooli" "Payroll"
  Assets:US:BofA:Checking                         2832.14 USD
  Income:US:Hooli:Salary                         -4615.38 USD
  Income:US:Hooli:GroupTermLife                    -24.32 USD
  Expenses:Health:Life:GroupTermLife                24.32 USD
  Expenses:Health:Dental:Insurance                   2.90 USD
  Expenses:Health:Medical:Insurance                 27.38 USD
  Expenses:Health:Vision:Insurance                  42.30 USD
  Expenses:Taxes:Y2023:US:Medicare                 106.62 USD
  Expenses:Taxes:Y2023:US:Federal                 1062.92 USD
  Expenses:Taxes:Y2023:US:State                    365.08 USD
  Expenses:Taxes:Y2023:US:CityNYC                  174.92 USD
  Expenses:Taxes:Y2023:US:SDI                        1.12 USD
  Expenses:Taxes:Y2023:US:SocSec                     0.00 USD
  Assets:US:Hooli:Vacation                              5 VACHR
  Income:US:Hooli:Vacation                             -5 VACHR

2024-01-04 * "Hooli" "Payroll"
  Assets:US:BofA:Checking                         1350.60 USD
  Assets:US:Vanguard:Cash                         1200.00 USD
  Income:US:Hooli:Salary                         -4615.38 USD
  Income:US:Hooli:GroupTermLife                    -24.32 USD
  Expenses:Health:Life:GroupTermLife                24.32 USD
  Expenses:Health:Dental:Insurance                   2.90 USD
  Expenses:Health:Medical:Insurance                 27.38 USD
  Expenses:Health:Vision:Insurance                  42.30 USD
  Expenses:Taxes:Y2024:US:Medicare                 106.62 USD
  Expenses:Taxes:Y2024:US:Federal                 1062.92 USD
  Expenses:Taxes:Y2024:US:State                    365.08 USD
  Expenses:Taxes:Y2024:US:CityNYC                  174.92 USD
  Expenses:Taxes:Y2024:US:SDI                        1.12 USD
  Expenses:Taxes:Y2024:US:SocSec                   281.54 USD
  Assets:US:Federal:PreTax401k                   -1200.00 IRAUSD
  Expenses:Taxes:Y2024:US:Federal:PreTax401k      1200.00 IRAUSD
  Assets:US:Hooli:Vacation                              5 VACHR
  Income:US:Hooli:Vacation                             -5 VACHR

2024-01-18 * "Hooli" "Payroll"
  Assets:US:BofA:Checking                         1350.60 USD
  Assets:US:Vanguard:Cash                         1200.00 USD
  Income:US:Hooli:Salary                         -4615.38 USD
  Income:US:Hooli:GroupTermLife                    -24.32 USD
  Expenses:Health:Life:GroupTermLife                24.32 USD
  Expenses:Health:Dental:Insurance                   2.90 USD
  Expenses:Health:Medical:Insurance                 27.38 USD
  Expenses:Health:Vision:Insurance                  42.30 USD
  Expenses:Taxes:Y2024:US:Medicare                 106.62 USD
  Expenses:Taxes:Y2024:US:Federal                 1062.92 USD
  Expenses:Taxes:Y2024:US:State                    365.08 USD
  Expenses:Taxes:Y2024:US:CityNYC                  174.92 USD
  Expenses:Taxes:Y2024:US:SDI                        1.12 USD
  Expenses:Taxes:Y2024:US:SocSec                   281.54 USD
  Assets:US:Federal:PreTax401k                   -1200.00 IRAUSD
  Expenses:Taxes:Y2024:US:Federal:PreTax401k      1200.00 IRAUSD
  Assets:US:Hooli:Vacation                              5 VACHR
  Income:US:Hooli:Vacation                             -5 VACHR

2024-02-01 * "Hooli" "Payroll"
  Assets:US:BofA:Checking                         1350.60 USD
  Assets:US:Vanguard:Cash                         1200.00 USD
  Income:US:Hooli:Salary                         -4615.38 USD
  Income:US:Hooli:GroupTermLife                    -24.32 USD
  Expenses:Health:Life:GroupTermLife                24.32 USD
  Expenses:Health:Dental:Insurance                   2.90 USD
  Expenses:Health:Medical:Insurance                 27.38 USD
  Expenses:Health:Vision:Insurance                  42.30 USD
  Expenses:Taxes:Y2024:US:Medicare                 106.62 USD
  Expenses:Taxes:Y2024:US:Federal                 1062.92 USD
  Expenses:Taxes:Y2024:US:State                    365.08 USD
  Expenses:Taxes:Y2024:US:CityNYC                  174.92 USD
  Expenses:Taxes:Y2024:US:SDI                        1.12 USD
  Expenses:Taxes:Y2024:US:SocSec                   281.54 USD
  Assets:US:Federal:PreTax401k                   -1200.00 IRAUSD
  Expenses:Taxes:Y2024:US:Federal:PreTax401k      1200.00 IRAUSD
  Assets:US:Hooli:Vacation                              5 VACHR
  Income:US:Hooli:Vacation                             -5 VACHR

2024-02-15 * "Hooli" "Payroll"
  Assets:US:BofA:Checking                         1350.60 USD
  Assets:US:Vanguard:Cash                         1200.00 USD
  Income:US:Hooli:Salary                         -4615.38 USD
  Income:US:Hooli:GroupTermLife                    -24.32 USD
  Expenses:Health:Life:GroupTermLife                24.32 USD
  Expenses:Health:Dental:Insurance                   2.90 USD
  Expenses:Health:Medical:Insurance                 27.38 USD
  Expenses:Health:Vision:Insurance                  42.30 USD
  Expenses:Taxes:Y2024:US:Medicare                 106.62 USD
  Expenses:Taxes:Y2024:US:Federal                 1062.92 USD
  Expenses:Taxes:Y2024:US:State                    365.08 USD
  Expenses:Taxes:Y2024:US:CityNYC                  174.92 USD
  Expenses:Taxes:Y2024:US:SDI                        1.12 USD
  Expenses:Taxes:Y2024:US:SocSec                   281.54 USD
  Assets:US:Federal:PreTax401k                   -1200.00 IRAUSD
  Expenses:Taxes:Y2024:US:Federal:PreTax401k      1200.00 IRAUSD
  Assets:US:Hooli:Vacation                              5 VACHR
  Income:US:Hooli:Vacation                             -5 VACHR

2024-02-29 * "Hooli" "Payroll"
  Assets:US:BofA:Checking                         1350.60 USD
  Assets:US:Vanguard:Cash                         1200.00 USD
  Income:US:Hooli:Salary                         -4615.38 USD
  Income:US:Hooli:GroupTermLife                    -24.32 USD
  Expenses:Health:Life:GroupTermLife                24.32 USD
  Expenses:Health:Dental:Insurance                   2.90 USD
  Expenses:Health:Medical:Insurance                 27.38 USD
  Expenses:Health:Vision:Insurance                  42.30 USD
  Expenses:Taxes:Y2024:US:Medicare                 106.62 USD
  Expenses:Taxes:Y2024:US:Federal                 1062.92 USD
  Expenses:Taxes:Y2024:US:State                    365.08 USD
  Expenses:Taxes:Y2024:US:CityNYC                  174.92 USD
  Expenses:Taxes:Y2024:US:SDI                        1.12 USD
  Expenses:Taxes:Y2024:US:SocSec                   281.54 USD
  Assets:US:Federal:PreTax401k                   -1200.00 IRAUSD
  Expenses:Taxes:Y2024:US:Federal:PreTax401k      1200.00 IRAUSD
  Assets:US:Hooli:Vacation                              5 VACHR
  Income:US:Hooli:Vacation                             -5 VACHR

2024-03-14 * "Hooli" "Payroll"
  Assets:US:BofA:Checking                         1350.60 USD
  Assets:US:Vanguard:Cash                         1200.00 USD
  Income:US:Hooli:Salary                         -4615.38 USD
  Income:US:Hooli:GroupTermLife                    -24.32 USD
  Expenses:Health:Life:GroupTermLife                24.32 USD
  Expenses:Health:Dental:Insurance                   2.90 USD
  Expenses:Health:Medical:Insurance                 27.38 USD
  Expenses:Health:Vision:Insurance                  42.30 USD
  Expenses:Taxes:Y2024:US:Medicare                 106.62 USD
  Expenses:Taxes:Y2024:US:Federal                 1062.92 USD
  Expenses:Taxes:Y2024:US:State                    365.08 USD
  Expenses:Taxes:Y2024:US:CityNYC                  174.92 USD
  Expenses:Taxes:Y2024:US:SDI                        1.12 USD
  Expenses:Taxes:Y2024:US:SocSec                   281.54 USD
  Assets:US:Federal:PreTax401k                   -1200.00 IRAUSD
  Expenses:Taxes:Y2024:US:Federal:PreTax401k      1200.00 IRAUSD
  Assets:US:Hooli:Vacation                              5 VACHR
  Income:US:Hooli:Vacation                             -5 VACHR

2024-03-28 * "Hooli" "Payroll"
  Assets:US:BofA:Checking                         1350.60 USD
  Assets:US:Vanguard:Cash                         1200.00 USD
  Income:US:Hooli:Salary                         -4615.38 USD
  Income:US:Hooli:GroupTermLife                    -24.32 USD
  Expenses:Health:Life:GroupTermLife                24.32 USD
  Expenses:Health:Dental:Insurance                   2.90 USD
  Expenses:Health:Medical:Insurance                 27.38 USD
  Expenses:Health:Vision:Insurance                  42.30 USD
  Expenses:Taxes:Y2024:US:Medicare                 106.62 USD
  Expenses:Taxes:Y2024:US:Federal                 1062.92 USD
  Expenses:Taxes:Y2024:US:State                    365.08 USD
  Expenses:Taxes:Y2024:US:CityNYC                  174.92 USD
  Expenses:Taxes:Y2024:US:SDI                        1.12 USD
  Expenses:Taxes:Y2024:US:SocSec                   281.54 USD
  Assets:US:Federal:PreTax401k                   -1200.00 IRAUSD
  Expenses:Taxes:Y2024:US:Federal:PreTax401k      1200.00 IRAUSD
  Assets:US:Hooli:Vacation                              5 VACHR
  Income:US:Hooli:Vacation                             -5 VACHR

2024-04-11 * "Hooli" "Payroll"
  Assets:US:BofA:Checking                         1350.60 USD
  Assets:US:Vanguard:Cash                         1200.00 USD
  Income:US:Hooli:Salary                         -4615.38 USD
  Income:US:Hooli:GroupTermLife                    -24.32 USD
  Expenses:Health:Life:GroupTermLife                24.32 USD
  Expenses:Health:Dental:Insurance                   2.90 USD
  Expenses:Health:Medical:Insurance                 27.38 USD
  Expenses:Health:Vision:Insurance                  42.30 USD
  Expenses:Taxes:Y2024:US:Medicare                 106.62 USD
  Expenses:Taxes:Y2024:US:Federal                 1062.92 USD
  Expenses:Taxes:Y2024:US:State                    365.08 USD
  Expenses:Taxes:Y2024:US:CityNYC                  174.92 USD
  Expenses:Taxes:Y2024:US:SDI                        1.12 USD
  Expenses:Taxes:Y2024:US:SocSec                   281.54 USD
  Assets:US:Federal:PreTax401k                   -1200.00 IRAUSD
  Expenses:Taxes:Y2024:US:Federal:PreTax401k      1200.00 IRAUSD
  Assets:US:Hooli:Vacation                              5 VACHR
  Income:US:Hooli:Vacation                             -5 VACHR

2024-04-25 * "Hooli" "Payroll"
  Assets:US:BofA:Checking                         1350.60 USD
  Assets:US:Vanguard:Cash                         1200.00 USD
  Income:US:Hooli:Salary                         -4615.38 USD
  Income:US:Hooli:GroupTermLife                    -24.32 USD
  Expenses:Health:Life:GroupTermLife                24.32 USD
  Expenses:Health:Dental:Insurance                   2.90 USD
  Expenses:Health:Medical:Insurance                 27.38 USD
  Expenses:Health:Vision:Insurance                  42.30 USD
  Expenses:Taxes:Y2024:US:Medicare                 106.62 USD
  Expenses:Taxes:Y2024:US:Federal                 1062.92 USD
  Expenses:Taxes:Y2024:US:State                    365.08 USD
  Expenses:Taxes:Y2024:US:CityNYC                  174.92 USD
  Expenses:Taxes:Y2024:US:SDI                        1.12 USD
  Expenses:Taxes:Y2024:US:SocSec                   281.54 USD
  Assets:US:Federal:PreTax401k                   -1200.00 IRAUSD
  Expenses:Taxes:Y2024:US:Federal:PreTax401k      1200.00 IRAUSD
  Assets:US:Hooli:Vacation                              5 VACHR
  Income:US:Hooli:Vacation                             -5 VACHR

2024-05-09 * "Hooli" "Payroll"
  Assets:US:BofA:Checking                         1350.60 USD
  Assets:US:Vanguard:Cash                         1200.00 USD
  Income:US:Hooli:Salary                         -4615.38 USD
  Income:US:Hooli:GroupTermLife                    -24.32 USD
  Expenses:Health:Life:GroupTermLife                24.32 USD
  Expenses:Health:Dental:Insurance                   2.90 USD
  Expenses:Health:Medical:Insurance                 27.38 USD
  Expenses:Health:Vision:Insurance                  42.30 USD
  Expenses:Taxes:Y2024:US:Medicare                 106.62 USD
  Expenses:Taxes:Y2024:US:Federal                 1062.92 USD
  Expenses:Taxes:Y2024:US:State                    365.08 USD
  Expenses:Taxes:Y2024:US:CityNYC                  174.92 USD
  Expenses:Taxes:Y2024:US:SDI                        1.12 USD
  Expenses:Taxes:Y2024:US:SocSec                   281.54 USD
  Assets:US:Federal:PreTax401k                   -1200.00 IRAUSD
  Expenses:Taxes:Y2024:US:Federal:PreTax401k      1200.00 IRAUSD
  Assets:US:Hooli:Vacation                              5 VACHR
  Income:US:Hooli:Vacation                             -5 VACHR

2024-05-23 * "Hooli" "Payroll"
  Assets:US:BofA:Checking                         1350.60 USD
  Assets:US:Vanguard:Cash                         1200.00 USD
  Income:US:Hooli:Salary                         -4615.38 USD
  Income:US:Hooli:GroupTermLife                    -24.32 USD
  Expenses:Health:Life:GroupTermLife                24.32 USD
  Expenses:Health:Dental:Insurance                   2.90 USD
  Expenses:Health:Medical:Insurance                 27.38 USD
  Expenses:Health:Vision:Insurance                  42.30 USD
  Expenses:Taxes:Y2024:US:Medicare                 106.62 USD
  Expenses:Taxes:Y2024:US:Federal                 1062.92 USD
  Expenses:Taxes:Y2024:US:State                    365.08 USD
  Expenses:Taxes:Y2024:US:CityNYC                  174.92 USD
  Expenses:Taxes:Y2024:US:SDI                        1.12 USD
  Expenses:Taxes:Y2024:US:SocSec                   281.54 USD
  Assets:US:Federal:PreTax401k                   -1200.00 IRAUSD
  Expenses:Taxes:Y2024:US:Federal:PreTax401k      1200.00 IRAUSD
  Assets:US:Hooli:Vacation                              5 VACHR
  Income:US:Hooli:Vacation                             -5 VACHR

2024-06-06 * "Hooli" "Payroll"
  Assets:US:BofA:Checking                         1350.60 USD
  Assets:US:Vanguard:Cash                         1200.00 USD
  Income:US:Hooli:Salary                         -4615.38 USD
  Income:US:Hooli:GroupTermLife                    -24.32 USD
  Expenses:Health:Life:GroupTermLife                24.32 USD
  Expenses:Health:Dental:Insurance                   2.90 USD
  Expenses:Health:Medical:Insurance                 27.38 USD
  Expenses:Health:Vision:Insurance                  42.30 USD
  Expenses:Taxes:Y2024:US:Medicare                 106.62 USD
  Expenses:Taxes:Y2024:US:Federal                 1062.92 USD
  Expenses:Taxes:Y2024:US:State                    365.08 USD
  Expenses:Taxes:Y2024:US:CityNYC                  174.92 USD
  Expenses:Taxes:Y2024:US:SDI                        1.12 USD
  Expenses:Taxes:Y2024:US:SocSec                   281.54 USD
  Assets:US:Federal:PreTax401k                   -1200.00 IRAUSD
  Expenses:Taxes:Y2024:US:Federal:PreTax401k      1200.00 IRAUSD
  Assets:US:Hooli:Vacation                              5 VACHR
  Income:US:Hooli:Vacation                             -5 VACHR

2024-06-20 * "Hooli" "Payroll"
  Assets:US:BofA:Checking                         1350.60 USD
  Assets:US:Vanguard:Cash                         1200.00 USD
  Income:US:Hooli:Salary                         -4615.38 USD
  Income:US:Hooli:GroupTermLife                    -24.32 USD
  Expenses:Health:Life:GroupTermLife                24.32 USD
  Expenses:Health:Dental:Insurance                   2.90 USD
  Expenses:Health:Medical:Insurance                 27.38 USD
  Expenses:Health:Vision:Insurance                  42.30 USD
  Expenses:Taxes:Y2024:US:Medicare                 106.62 USD
  Expenses:Taxes:Y2024:US:Federal                 1062.92 USD
  Expenses:Taxes:Y2024:US:State                    365.08 USD
  Expenses:Taxes:Y2024:US:CityNYC                  174.92 USD
  Expenses:Taxes:Y2024:US:SDI                        1.12 USD
  Expenses:Taxes:Y2024:US:SocSec                   281.54 USD
  Assets:US:Federal:PreTax401k                   -1200.00 IRAUSD
  Expenses:Taxes:Y2024:US:Federal:PreTax401k      1200.00 IRAUSD
  Assets:US:Hooli:Vacation                              5 VACHR
  Income:US:Hooli:Vacation                             -5 VACHR

2024-07-04 * "Hooli" "Payroll"
  Assets:US:BofA:Checking                         1350.60 USD
  Assets:US:Vanguard:Cash                         1200.00 USD
  Income:US:Hooli:Salary                         -4615.38 USD
  Income:US:Hooli:GroupTermLife                    -24.32 USD
  Expenses:Health:Life:GroupTermLife                24.32 USD
  Expenses:Health:Dental:Insurance                   2.90 USD
  Expenses:Health:Medical:Insurance                 27.38 USD
  Expenses:Health:Vision:Insurance                  42.30 USD
  Expenses:Taxes:Y2024:US:Medicare                 106.62 USD
  Expenses:Taxes:Y2024:US:Federal                 1062.92 USD
  Expenses:Taxes:Y2024:US:State                    365.08 USD
  Expenses:Taxes:Y2024:US:CityNYC                  174.92 USD
  Expenses:Taxes:Y2024:US:SDI                        1.12 USD
  Expenses:Taxes:Y2024:US:SocSec                   281.54 USD
  Assets:US:Federal:PreTax401k                   -1200.00 IRAUSD
  Expenses:Taxes:Y2024:US:Federal:PreTax401k      1200.00 IRAUSD
  Assets:US:Hooli:Vacation                              5 VACHR
  Income:US:Hooli:Vacation                             -5 VACHR

2024-07-18 * "Hooli" "Payroll"
  Assets:US:BofA:Checking                         1350.60 USD
  Assets:US:Vanguard:Cash                         1200.00 USD
  Income:US:Hooli:Salary                         -4615.38 USD
  Income:US:Hooli:GroupTermLife                    -24.32 USD
  Expenses:Health:Life:GroupTermLife                24.32 USD
  Expenses:Health:Dental:Insurance                   2.90 USD
  Expenses:Health:Medical:Insurance                 27.38 USD
  Expenses:Health:Vision:Insurance                  42.30 USD
  Expenses:Taxes:Y2024:US:Medicare                 106.62 USD
  Expenses:Taxes:Y2024:US:Federal                 1062.92 USD
  Expenses:Taxes:Y2024:US:State                    365.08 USD
  Expenses:Taxes:Y2024:US:CityNYC                  174.92 USD
  Expenses:Taxes:Y2024:US:SDI                        1.12 USD
  Expenses:Taxes:Y2024:US:SocSec                   281.54 USD
  Assets:US:Federal:PreTax401k                   -1200.00 IRAUSD
  Expenses:Taxes:Y2024:US:Federal:PreTax401k      1200.00 IRAUSD
  Assets:US:Hooli:Vacation                              5 VACHR
  Income:US:Hooli:Vacation                             -5 VACHR

2024-08-01 * "Hooli" "Payroll"
  Assets:US:BofA:Checking                         2050.60 USD
  Assets:US:Vanguard:Cash                          500.00 USD
  Income:US:Hooli:Salary                         -4615.38 USD
  Income:US:Hooli:GroupTermLife                    -24.32 USD
  Expenses:Health:Life:GroupTermLife                24.32 USD
  Expenses:Health:Dental:Insurance                   2.90 USD
  Expenses:Health:Medical:Insurance                 27.38 USD
  Expenses:Health:Vision:Insurance                  42.30 USD
  Expenses:Taxes:Y2024:US:Medicare                 106.62 USD
  Expenses:Taxes:Y2024:US:Federal                 1062.92 USD
  Expenses:Taxes:Y2024:US:State                    365.08 USD
  Expenses:Taxes:Y2024:US:CityNYC                  174.92 USD
  Expenses:Taxes:Y2024:US:SDI                        1.12 USD
  Expenses:Taxes:Y2024:US:SocSec                   281.54 USD
  Assets:US:Federal:PreTax401k                    -500.00 IRAUSD
  Expenses:Taxes:Y2024:US:Federal:PreTax401k       500.00 IRAUSD
  Assets:US:Hooli:Vacation                              5 VACHR
  Income:US:Hooli:Vacation                             -5 VACHR

2024-08-15 * "Hooli" "Payroll"
  Assets:US:BofA:Checking                         2550.60 USD
  Income:US:Hooli:Salary                         -4615.38 USD
  Income:US:Hooli:GroupTermLife                    -24.32 USD
  Expenses:Health:Life:GroupTermLife                24.32 USD
  Expenses:Health:Dental:Insurance                   2.90 USD
  Expenses:Health:Medical:Insurance                 27.38 USD
  Expenses:Health:Vision:Insurance                  42.30 USD
  Expenses:Taxes:Y2024:US:Medicare                 106.62 USD
  Expenses:Taxes:Y2024:US:Federal                 1062.92 USD
  Expenses:Taxes:Y2024:US:State                    365.08 USD
  Expenses:Taxes:Y2024:US:CityNYC                  174.92 USD
  Expenses:Taxes:Y2024:US:SDI                        1.12 USD
  Expenses:Taxes:Y2024:US:SocSec                   281.54 USD
  Assets:US:Hooli:Vacation                              5 VACHR
  Income:US:Hooli:Vacation                             -5 VACHR



* Taxes

1980-05-12 open Income:US:Federal:PreTax401k                    IRAUSD
1980-05-12 open Assets:US:Federal:PreTax401k                    IRAUSD



** Tax Year 2022

2022-01-01 open Expenses:Taxes:Y2022:US:Federal:PreTax401k      IRAUSD
2022-01-01 open Expenses:Taxes:Y2022:US:Medicare                USD
2022-01-01 open Expenses:Taxes:Y2022:US:Federal                 USD
2022-01-01 open Expenses:Taxes:Y2022:US:CityNYC                 USD
2022-01-01 open Expenses:Taxes:Y2022:US:SDI                     USD
2022-01-01 open Expenses:Taxes:Y2022:US:State                   USD
2022-01-01 open Expenses:Taxes:Y2022:US:SocSec                  USD

2022-01-01 balance Assets:US:Federal:PreTax401k         0 IRAUSD

2022-01-01 * "Allowed contributions for one year"
  Income:US:Federal:PreTax401k                     -18500 IRAUSD
  Assets:US:Federal:PreTax401k                      18500 IRAUSD

2023-03-21 * "Filing taxes for 2022"
  Expenses:Taxes:Y2022:US:Federal                  571.31 USD
  Expenses:Taxes:Y2022:US:State                    269.84 USD
  Liabilities:AccountsPayable                     -841.15 USD

2023-03-21 * "FEDERAL TAXPYMT"
  Assets:US:BofA:Checking                         -571.31 USD
  Liabilities:AccountsPayable                      571.31 USD

2023-03-22 * "STATE TAX & FINANC PYMT"
  Assets:US:BofA:Checking                         -269.84 USD
  Liabilities:AccountsPayable                      269.84 USD



** Tax Year 2023

2023-01-01 open Expenses:Taxes:Y2023:US:Federal:PreTax401k      IRAUSD
2023-01-01 open Expenses:Taxes:Y2023:US:Medicare                USD
2023-01-01 open Expenses:Taxes:Y2023:US:Federal                 USD
2023-01-01 open Expenses:Taxes:Y2023:US:CityNYC                 USD
2023-01-01 open Expenses:Taxes:Y2023:US:SDI                     USD
2023-01-01 open Expenses:Taxes:Y2023:US:State                   USD
2023-01-01 open Expenses:Taxes:Y2023:US:SocSec                  USD

2023-01-01 balance Assets:US:Federal:PreTax401k         0 IRAUSD

2023-01-01 * "Allowed contributions for one year"
  Income:US:Federal:PreTax401k                     -18500 IRAUSD
  Assets:US:Federal:PreTax401k                      18500 IRAUSD

2024-03-24 * "Filing taxes for 2023"
  Expenses:Taxes:Y2023:US:Federal                  423.78 USD
  Expenses:Taxes:Y2023:US:State                    322.32 USD
  Liabilities:AccountsPayable                     -746.10 USD

2024-03-27 * "STATE TAX & FINANC PYMT"
  Assets:US:BofA:Checking                         -322.32 USD
  Liabilities:AccountsPayable                      322.32 USD

2024-03-28 * "FEDERAL TAXPYMT"
  Assets:US:BofA:Checking                         -423.78 USD
  Liabilities:AccountsPayable                      423.78 USD



** Tax Year 2024

2024-01-01 open Expenses:Taxes:Y2024:US:Federal:PreTax401k      IRAUSD
2024-01-01 open Expenses:Taxes:Y2024:US:Medicare                USD
2024-01-01 open Expenses:Taxes:Y2024:US:Federal                 USD
2024-01-01 open Expenses:Taxes:Y2024:US:CityNYC                 USD
2024-01-01 open Expenses:Taxes:Y2024:US:SDI                     USD
2024-01-01 open Expenses:Taxes:Y2024:US:State                   USD
2024-01-01 open Expenses:Taxes:Y2024:US:SocSec                  USD

2024-01-01 balance Assets:US:Federal:PreTax401k         0 IRAUSD

2024-01-01 * "Allowed contributions for one year"
  Income:US:Federal:PreTax401k                     -18500 IRAUSD
  Assets:US:Federal:PreTax401k                      18500 IRAUSD



* Expenses

1980-05-12 open Expenses:Food:Groceries
1980-05-12 open Expenses:Food:Restaurant
1980-05-12 open Expenses:Food:Coffee
1980-05-12 open Expenses:Food:Alcohol
1980-05-12 open Expenses:Transport:Tram
1980-05-12 open Expenses:Home:Rent
1980-05-12 open Expenses:Home:Electricity
1980-05-12 open Expenses:Home:Internet
1980-05-12 open Expenses:Home:Phone
1980-05-12 open Expenses:Financial:Fees
1980-05-12 open Expenses:Financial:Commissions



* Prices

2022-01-07 price VBMPX                             105.22 USD
2022-01-07 price RGAGX                             110.72 USD
2022-01-07 price ITOT                               91.91 USD
2022-01-07 price VEA                               104.13 USD
2022-01-07 price VHT                               157.08 USD
2022-01-07 price GLD                               183.32 USD
2022-01-14 price VBMPX                             104.77 USD
2022-01-14 price RGAGX                             110.04 USD
2022-01-14 price ITOT                               92.01 USD
2022-01-14 price VEA                               107.21 USD
2022-01-14 price VHT                               155.13 USD
2022-01-14 price GLD                               183.41 USD
2022-01-21 price VBMPX                             102.74 USD
2022-01-21 price RGAGX                             110.22 USD
2022-01-21 price ITOT                               92.44 USD
2022-01-21 price VEA                               106.50 USD
2022-01-21 price VHT                               153.34 USD
2022-01-21 price GLD                               179.77 USD
2022-01-28 price VBMPX                             103.30 USD
2022-01-28 price RGAGX                             107.91 USD
2022-01-28 price ITOT                               92.32 USD
2022-01-28 price VEA                               108.15 USD
2022-01-28 price VHT                               154.75 USD
2022-01-28 price GLD                               178.63 USD
2022-02-04 price VBMPX                             103.60 USD
2022-02-04 price RGAGX                             108.72 USD
2022-02-04 price ITOT                               92.09 USD
2022-02-04 price VEA                               110.68 USD
2022-02-04 price VHT                               156.13 USD
2022-02-04 price GLD                               176.07 USD
2022-02-11 price VBMPX                             104.30 USD
2022-02-11 price RGAGX                             111.05 USD
2022-02-11 price ITOT                               92.22 USD
2022-02-11 price VEA                               111.59 USD
2022-02-11 price VHT                               154.16 USD
2022-02-11 price GLD                               177.36 USD
2022-02-18 price VBMPX                             102.11 USD
2022-02-18 price RGAGX                             112.83 USD
2022-02-18 price ITOT                               91.82 USD
2022-02-18 price VEA                               108.61 USD
2022-02-18 price VHT                               157.68 USD
2022-02-18 price GLD                               177.91 USD
2022-02-25 price VBMPX                             101.09 USD
2022-02-25 price RGAGX                             111.97 USD
2022-02-25 price ITOT                               92.15 USD
2022-02-25 price VEA                               110.36 USD
2022-02-25 price VHT                               155.07 USD
2022-02-25 price GLD                               176.60 USD
2022-03-04 price VBMPX                             100.83 USD
2022-03-04 price RGAGX                             112.34 USD
2022-03-04 price ITOT                               92.14 USD
2022-03-04 price VEA                               111.09 USD
2022-03-04 price VHT                               155.52 USD
2022-03-04 price GLD                               175.89 USD
2022-03-11 price VBMPX                              98.68 USD
2022-03-11 price RGAGX                             113.85 USD
2022-03-11 price ITOT                               91.40 USD
2022-03-11 price VEA                               113.11 USD
2022-03-11 price VHT                               156.46 USD
2022-03-11 price GLD                               171.33 USD
2022-03-18 price VBMPX                              99.35 USD
2022-03-18 price RGAGX                             114.47 USD
2022-03-18 price ITOT                               91.66 USD
2022-03-18 price VEA                               111.02 USD
2022-03-18 price VHT                               156.01 USD
2022-03-18 price GLD                               171.16 USD
2022-03-25 price VBMPX                              95.98 USD
2022-03-25 price RGAGX                             115.09 USD
2022-03-25 price ITOT                               91.51 USD
2022-03-25 price VEA                               110.16 USD
2022-03-25 price VHT                               158.63 USD
2022-03-25 price GLD                               172.07 USD
2022-04-01 price VBMPX                              96.14 USD
2022-04-01 price RGAGX                             115.02 USD
2022-04-01 price ITOT                               92.20 USD
2022-04-01 price VEA                               110.68 USD
2022-04-01 price VHT                               158.59 USD
2022-04-01 price GLD                               173.11 USD
2022-04-08 price VBMPX                              96.90 USD
2022-04-08 price RGAGX                             116.81 USD
2022-04-08 price ITOT                               92.37 USD
2022-04-08 price VEA                               110.60 USD
2022-04-08 price VHT                               158.72 USD
2022-04-08 price GLD                               172.13 USD
2022-04-15 price VBMPX                              97.41 USD
2022-04-15 price RGAGX                             116.31 USD
2022-04-15 price ITOT                               93.13 USD
2022-04-15 price VEA                               113.80 USD
2022-04-15 price VHT                               160.21 USD
2022-04-15 price GLD                               174.58 USD
2022-04-22 price VBMPX                              95.67 USD
2022-04-22 price RGAGX                             116.72 USD
2022-04-22 price ITOT                               93.67 USD
2022-04-22 price VEA                               116.73 USD
2022-04-22 price VHT                               160.88 USD
2022-04-22 price GLD                               177.98 USD
2022-04-29 price VBMPX                              95.22 USD
2022-04-29 price RGAGX                             115.86 USD
2022-04-29 price ITOT                               93.50 USD
2022-04-29 price VEA                               115.85 USD
2022-04-29 price VHT                               159.47 USD
2022-04-29 price GLD                               178.49 USD
2022-05-06 price VBMPX                              94.23 USD
2022-05-06 price RGAGX                             116.83 USD
2022-05-06 price ITOT                               94.22 USD
2022-05-06 price VEA                               118.51 USD
2022-05-06 price VHT                               159.14 USD
2022-05-06 price GLD                               177.02 USD
2022-05-13 price VBMPX                              97.96 USD
2022-05-13 price RGAGX                             115.06 USD
2022-05-13 price ITOT                               94.03 USD
2022-05-13 price VEA                               119.66 USD
2022-05-13 price VHT                               160.57 USD
2022-05-13 price GLD                               177.06 USD
2022-05-20 price VBMPX                              98.63 USD
2022-05-20 price RGAGX                             114.04 USD
2022-05-20 price ITOT                               93.80 USD
2022-05-20 price VEA                               121.03 USD
2022-05-20 price VHT                               158.02 USD
2022-05-20 price GLD                               177.67 USD
2022-05-27 price VBMPX                             101.11 USD
2022-05-27 price RGAGX                             112.78 USD
2022-05-27 price ITOT                               92.38 USD
2022-05-27 price VEA                               122.01 USD
2022-05-27 price VHT                               156.62 USD
2022-05-27 price GLD                               180.21 USD
2022-06-03 price VBMPX                             100.98 USD
2022-06-03 price RGAGX                             113.75 USD
2022-06-03 price ITOT                               92.31 USD
2022-06-03 price VEA                               120.48 USD
2022-06-03 price VHT                               158.77 USD
2022-06-03 price GLD                               182.50 USD
2022-06-10 price VBMPX                             101.12 USD
2022-06-10 price RGAGX                             112.78 USD
2022-06-10 price ITOT                               91.93 USD
2022-06-10 price VEA                               120.24 USD
2022-06-10 price VHT                               160.53 USD
2022-06-10 price GLD                               179.44 USD
2022-06-17 price VBMPX                              99.43 USD
2022-06-17 price RGAGX                             113.28 USD
2022-06-17 price ITOT                               92.10 USD
2022-06-17 price VEA                               122.72 USD
2022-06-17 price VHT                               160.73 USD
2022-06-17 price GLD                               181.57 USD
2022-06-24 price VBMPX                             102.08 USD
2022-06-24 price RGAGX                             112.69 USD
2022-06-24 price ITOT                               91.81 USD
2022-06-24 price VEA                               125.03 USD
2022-06-24 price VHT                               159.87 USD
2022-06-24 price GLD                               180.77 USD
2022-07-01 price VBMPX                             101.38 USD
2022-07-01 price RGAGX                             113.11 USD
2022-07-01 price ITOT                               91.08 USD
2022-07-01 price VEA                               127.85 USD
2022-07-01 price VHT                               157.24 USD
2022-07-01 price GLD                               180.44 USD
2022-07-08 price VBMPX                             104.43 USD
2022-07-08 price RGAGX                             111.78 USD
2022-07-08 price ITOT                               90.46 USD
2022-07-08 price VEA                               128.27 USD
2022-07-08 price VHT                               158.80 USD
2022-07-08 price GLD                               183.56 USD
2022-07-15 price VBMPX                             104.86 USD
2022-07-15 price RGAGX                             113.00 USD
2022-07-15 price ITOT                               89.93 USD
2022-07-15 price VEA                               126.76 USD
2022-07-15 price VHT                               158.50 USD
2022-07-15 price GLD                               183.16 USD
2022-07-22 price VBMPX                             107.35 USD
2022-07-22 price RGAGX                             114.37 USD
2022-07-22 price ITOT                               89.53 USD
2022-07-22 price VEA                               126.54 USD
2022-07-22 price VHT                               157.86 USD
2022-07-22 price GLD                               182.43 USD
2022-07-29 price VBMPX                             108.60 USD
2022-07-29 price RGAGX                             113.25 USD
2022-07-29 price ITOT                               90.18 USD
2022-07-29 price VEA                               127.07 USD
2022-07-29 price VHT                               157.27 USD
2022-07-29 price GLD                               179.65 USD
2022-08-05 price VBMPX                             106.15 USD
2022-08-05 price RGAGX                             112.91 USD
2022-08-05 price ITOT                               91.72 USD
2022-08-05 price VEA                               125.09 USD
2022-08-05 price VHT                               159.37 USD
2022-08-05 price GLD                               179.22 USD
2022-08-12 price VBMPX                             104.09 USD
2022-08-12 price RGAGX                             113.69 USD
2022-08-12 price ITOT                               91.11 USD
2022-08-12 price VEA                               124.82 USD
2022-08-12 price VHT                               162.10 USD
2022-08-12 price GLD                               179.72 USD
2022-08-19 price VBMPX                             105.44 USD
2022-08-19 price RGAGX                             112.63 USD
2022-08-19 price ITOT                               90.93 USD
2022-08-19 price VEA                               126.12 USD
2022-08-19 price VHT                               160.86 USD
2022-08-19 price GLD                               180.14 USD
2022-08-26 price VBMPX                             105.80 USD
2022-08-26 price RGAGX                             112.52 USD
2022-08-26 price ITOT                               91.33 USD
2022-08-26 price VEA                               129.09 USD
2022-08-26 price VHT                               161.14 USD
2022-08-26 price GLD                               176.95 USD
2022-09-02 price VBMPX                             105.77 USD
2022-09-02 price RGAGX                             111.50 USD
2022-09-02 price ITOT                               91.63 USD
2022-09-02 price VEA                               130.75 USD
2022-09-02 price VHT                               160.96 USD
2022-09-02 price GLD                               178.08 USD
2022-09-09 price VBMPX                             104.31 USD
2022-09-09 price RGAGX                             113.04 USD
2022-09-09 price ITOT                               92.71 USD
2022-09-09 price VEA                               131.97 USD
2022-09-09 price VHT                               162.99 USD
2022-09-09 price GLD                               176.58 USD
2022-09-16 price VBMPX                             107.08 USD
2022-09-16 price RGAGX                             113.58 USD
2022-09-16 price ITOT                               93.65 USD
2022-09-16 price VEA                               132.30 USD
2022-09-16 price VHT                               165.85 USD
2022-09-16 price GLD                               179.30 USD
2022-09-23 price VBMPX                             107.35 USD
2022-09-23 price RGAGX                             112.70 USD
2022-09-23 price ITOT                               93.78 USD
2022-09-23 price VEA                               135.84 USD
2022-09-23 price VHT                               166.18 USD
2022-09-23 price GLD                               176.82 USD
2022-09-30 price VBMPX                             108.98 USD
2022-09-30 price RGAGX                             114.08 USD
2022-09-30 price ITOT                               93.55 USD
2022-09-30 price VEA                               139.57 USD
2022-09-30 price VHT                               165.57 USD
2022-09-30 price GLD                               176.28 USD
2022-10-07 price VBMPX                             109.32 USD
2022-10-07 price RGAGX                             114.79 USD
2022-10-07 price ITOT                               93.62 USD
2022-10-07 price VEA                               139.39 USD
2022-10-07 price VHT                               164.99 USD
2022-10-07 price GLD                               174.87 USD
2022-10-14 price VBMPX                             108.16 USD
2022-10-14 price RGAGX                             115.32 USD
2022-10-14 price ITOT                               93.64 USD
2022-10-14 price VEA                               138.26 USD
2022-10-14 price VHT                               166.49 USD
2022-10-14 price GLD                               176.53 USD
2022-10-21 price VBMPX                             108.41 USD
2022-10-21 price RGAGX                             115.85 USD
2022-10-21 price ITOT                               93.60 USD
2022-10-21 price VEA                               142.36 USD
2022-10-21 price VHT                               167.43 USD
2022-10-21 price GLD                               176.29 USD
2022-10-28 price VBMPX                             110.20 USD
2022-10-28 price RGAGX                             115.49 USD
2022-10-28 price ITOT                               93.22 USD
2022-10-28 price VEA                               144.23 USD
2022-10-28 price VHT                               168.11 USD
2022-10-28 price GLD                               177.19 USD
2022-11-04 price VBMPX                             107.10 USD
2022-11-04 price RGAGX                             115.66 USD
2022-11-04 price ITOT                               94.28 USD
2022-11-04 price VEA                               148.86 USD
2022-11-04 price VHT                               172.38 USD
2022-11-04 price GLD                               175.96 USD
2022-11-11 price VBMPX                             110.06 USD
2022-11-11 price RGAGX                             117.74 USD
2022-11-11 price ITOT                               94.99 USD
2022-11-11 price VEA                               150.45 USD
2022-11-11 price VHT                               174.84 USD
2022-11-11 price GLD                               175.62 USD
2022-11-18 price VBMPX                             110.93 USD
2022-11-18 price RGAGX                             116.99 USD
2022-11-18 price ITOT                               94.49 USD
2022-11-18 price VEA                               153.82 USD
2022-11-18 price VHT                               175.44 USD
2022-11-18 price GLD                               177.38 USD
2022-11-25 price VBMPX                             111.89 USD
2022-11-25 price RGAGX                             116.80 USD
2022-11-25 price ITOT                               93.93 USD
2022-11-25 price VEA                               157.52 USD
2022-11-25 price VHT                               178.68 USD
2022-11-25 price GLD                               175.83 USD
2022-12-02 price VBMPX                             108.84 USD
2022-12-02 price RGAGX                             116.79 USD
2022-12-02 price ITOT                               94.16 USD
2022-12-02 price VEA                               156.76 USD
2022-12-02 price VHT                               179.59 USD
2022-12-02 price GLD                               174.36 USD
2022-12-09 price VBMPX                             108.75 USD
2022-12-09 price RGAGX                             120.28 USD
2022-12-09 price ITOT                               94.19 USD
2022-12-09 price VEA                               158.97 USD
2022-12-09 price VHT                               177.00 USD
2022-12-09 price GLD                               170.59 USD
2022-12-16 price VBMPX                             103.89 USD
2022-12-16 price RGAGX                             122.00 USD
2022-12-16 price ITOT                               94.57 USD
2022-12-16 price VEA                               161.11 USD
2022-12-16 price VHT                               180.68 USD
2022-12-16 price GLD                               175.88 USD
2022-12-23 price VBMPX                             104.26 USD
2022-12-23 price RGAGX                             123.84 USD
2022-12-23 price ITOT                               95.24 USD
2022-12-23 price VEA                               159.14 USD
2022-12-23 price VHT                               185.84 USD
2022-12-23 price GLD                               176.18 USD
2022-12-30 price VBMPX                             105.31 USD
2022-12-30 price RGAGX                             124.98 USD
2022-12-30 price ITOT                               94.28 USD
2022-12-30 price VEA                               159.88 USD
2022-12-30 price VHT                               185.10 USD
2022-12-30 price GLD                               178.84 USD
2023-01-06 price VBMPX                             104.51 USD
2023-01-06 price RGAGX                             126.28 USD
2023-01-06 price ITOT                               94.54 USD
2023-01-06 price VEA                               162.06 USD
2023-01-06 price VHT                               181.63 USD
2023-01-06 price GLD                               181.22 USD
2023-01-13 price VBMPX                             104.88 USD
2023-01-13 price RGAGX                             125.81 USD
2023-01-13 price ITOT                               93.77 USD
2023-01-13 price VEA                               160.16 USD
2023-01-13 price VHT                               183.51 USD
2023-01-13 price GLD                               178.25 USD
2023-01-20 price VBMPX                             108.37 USD
2023-01-20 price RGAGX                             125.23 USD
2023-01-20 price ITOT                               94.14 USD
2023-01-20 price VEA                               160.35 USD
2023-01-20 price VHT                               184.19 USD
2023-01-20 price GLD                               178.69 USD
2023-01-27 price VBMPX                             108.24 USD
2023-01-27 price RGAGX                             126.71 USD
2023-01-27 price ITOT                               94.36 USD
2023-01-27 price VEA                               163.04 USD
2023-01-27 price VHT                               184.76 USD
2023-01-27 price GLD                               177.03 USD
2023-02-03 price VBMPX                             106.94 USD
2023-02-03 price RGAGX                             126.78 USD
2023-02-03 price ITOT                               94.01 USD
2023-02-03 price VEA                               166.65 USD
2023-02-03 price VHT                               191.16 USD
2023-02-03 price GLD                               176.17 USD
2023-02-10 price VBMPX                             108.49 USD
2023-02-10 price RGAGX                             126.01 USD
2023-02-10 price ITOT                               93.80 USD
2023-02-10 price VEA                               165.12 USD
2023-02-10 price VHT                               192.01 USD
2023-02-10 price GLD                               175.23 USD
2023-02-17 price VBMPX                             109.34 USD
2023-02-17 price RGAGX                             127.65 USD
2023-02-17 price ITOT                               93.86 USD
2023-02-17 price VEA                               160.84 USD
2023-02-17 price VHT                               194.31 USD
2023-02-17 price GLD                               175.11 USD
2023-02-24 price VBMPX                             110.66 USD
2023-02-24 price RGAGX                             126.89 USD
2023-02-24 price ITOT                               93.61 USD
2023-02-24 price VEA                               164.05 USD
2023-02-24 price VHT                               192.29 USD
2023-02-24 price GLD                               173.78 USD
2023-03-03 price VBMPX                             112.35 USD
2023-03-03 price RGAGX                             126.59 USD
2023-03-03 price ITOT                               93.48 USD
2023-03-03 price VEA                               161.14 USD
2023-03-03 price VHT                               193.94 USD
2023-03-03 price GLD                               173.29 USD
2023-03-10 price VBMPX                             113.80 USD
2023-03-10 price RGAGX                             125.21 USD
2023-03-10 price ITOT                               92.68 USD
2023-03-10 price VEA                               161.37 USD
2023-03-10 price VHT                               196.17 USD
2023-03-10 price GLD                               175.82 USD
2023-03-17 price VBMPX                             116.86 USD
2023-03-17 price RGAGX                             126.00 USD
2023-03-17 price ITOT                               92.62 USD
2023-03-17 price VEA                               157.27 USD
2023-03-17 price VHT                               195.33 USD
2023-03-17 price GLD                               176.90 USD
2023-03-24 price VBMPX                             119.68 USD
2023-03-24 price RGAGX                             125.88 USD
2023-03-24 price ITOT                               92.98 USD
2023-03-24 price VEA                               155.44 USD
2023-03-24 price VHT                               199.36 USD
2023-03-24 price GLD                               177.07 USD
2023-03-31 price VBMPX                             121.07 USD
2023-03-31 price RGAGX                             125.85 USD
2023-03-31 price ITOT                               93.52 USD
2023-03-31 price VEA                               159.54 USD
2023-03-31 price VHT                               201.87 USD
2023-03-31 price GLD                               176.25 USD
2023-04-07 price VBMPX                             119.97 USD
2023-04-07 price RGAGX                             125.18 USD
2023-04-07 price ITOT                               94.28 USD
2023-04-07 price VEA                               158.38 USD
2023-04-07 price VHT                               200.61 USD
2023-04-07 price GLD                               177.27 USD
2023-04-14 price VBMPX                             123.55 USD
2023-04-14 price RGAGX                             125.97 USD
2023-04-14 price ITOT                               93.21 USD
2023-04-14 price VEA                               161.23 USD
2023-04-14 price VHT                               198.56 USD
2023-04-14 price GLD                               175.97 USD
2023-04-21 price VBMPX                             124.01 USD
2023-04-21 price RGAGX                             126.05 USD
2023-04-21 price ITOT                               92.61 USD
2023-04-21 price VEA                               157.06 USD
2023-04-21 price VHT                               204.62 USD
2023-04-21 price GLD                               179.85 USD
2023-04-28 price VBMPX                             120.86 USD
2023-04-28 price RGAGX                             125.35 USD
2023-04-28 price ITOT                               91.95 USD
2023-04-28 price VEA                               158.04 USD
2023-04-28 price VHT                               197.25 USD
2023-04-28 price GLD                               181.35 USD
2023-05-05 price VBMPX                             120.28 USD
2023-05-05 price RGAGX                             123.90 USD
2023-05-05 price ITOT                               92.85 USD
2023-05-05 price VEA                               161.22 USD
2023-05-05 price VHT                               194.67 USD
2023-05-05 price GLD                               181.37 USD
2023-05-12 price VBMPX                             120.33 USD
2023-05-12 price RGAGX                             124.49 USD
2023-05-12 price ITOT                               92.98 USD
2023-05-12 price VEA                               162.65 USD
2023-05-12 price VHT                               192.66 USD
2023-05-12 price GLD                               184.78 USD
2023-05-19 price VBMPX                             121.04 USD
2023-05-19 price RGAGX                             124.28 USD
2023-05-19 price ITOT                               93.45 USD
2023-05-19 price VEA                               159.88 USD
2023-05-19 price VHT                               192.34 USD
2023-05-19 price GLD                               186.25 USD
2023-05-26 price VBMPX                             118.09 USD
2023-05-26 price RGAGX                             125.58 USD
2023-05-26 price ITOT                               94.03 USD
2023-05-26 price VEA                               161.51 USD
2023-05-26 price VHT                               192.78 USD
2023-05-26 price GLD                               189.19 USD
2023-06-02 price VBMPX                             116.35 USD
2023-06-02 price RGAGX                             127.30 USD
2023-06-02 price ITOT                               93.57 USD
2023-06-02 price VEA                               159.47 USD
2023-06-02 price VHT                               193.76 USD
2023-06-02 price GLD                               189.58 USD
2023-06-09 price VBMPX                             115.57 USD
2023-06-09 price RGAGX                             129.29 USD
2023-06-09 price ITOT                               93.24 USD
2023-06-09 price VEA                               160.12 USD
2023-06-09 price VHT                               194.87 USD
2023-06-09 price GLD                               189.13 USD
2023-06-16 price VBMPX                             113.52 USD
2023-06-16 price RGAGX                             130.04 USD
2023-06-16 price ITOT                               93.56 USD
2023-06-16 price VEA                               156.95 USD
2023-06-16 price VHT                               195.60 USD
2023-06-16 price GLD                               188.76 USD
2023-06-23 price VBMPX                             113.95 USD
2023-06-23 price RGAGX                             130.34 USD
2023-06-23 price ITOT                               94.34 USD
2023-06-23 price VEA                               151.36 USD
2023-06-23 price VHT                               193.62 USD
2023-06-23 price GLD                               188.60 USD
2023-06-30 price VBMPX                             114.65 USD
2023-06-30 price RGAGX                             130.85 USD
2023-06-30 price ITOT                               94.22 USD
2023-06-30 price VEA                               156.15 USD
2023-06-30 price VHT                               194.13 USD
2023-06-30 price GLD                               190.45 USD
2023-07-07 price VBMPX                             117.35 USD
2023-07-07 price RGAGX                             131.96 USD
2023-07-07 price ITOT                               94.76 USD
2023-07-07 price VEA                               152.54 USD
2023-07-07 price VHT                               190.37 USD
2023-07-07 price GLD                               193.79 USD
2023-07-14 price VBMPX                             115.77 USD
2023-07-14 price RGAGX                             135.23 USD
2023-07-14 price ITOT                               94.12 USD
2023-07-14 price VEA                               152.33 USD
2023-07-14 price VHT                               192.57 USD
2023-07-14 price GLD                               192.82 USD
2023-07-21 price VBMPX                             114.13 USD
2023-07-21 price RGAGX                             135.04 USD
2023-07-21 price ITOT                               94.17 USD
2023-07-21 price VEA                               152.61 USD
2023-07-21 price VHT                               192.36 USD
2023-07-21 price GLD                               196.98 USD
2023-07-28 price VBMPX                             112.03 USD
2023-07-28 price RGAGX                             134.46 USD
2023-07-28 price ITOT                               94.56 USD
2023-07-28 price VEA                               153.36 USD
2023-07-28 price VHT                               190.09 USD
2023-07-28 price GLD                               195.65 USD
2023-08-04 price VBMPX                             116.02 USD
2023-08-04 price RGAGX                             130.74 USD
2023-08-04 price ITOT                               94.34 USD
2023-08-04 price VEA                               152.32 USD
2023-08-04 price VHT                               189.44 USD
2023-08-04 price GLD                               193.47 USD
2023-08-11 price VBMPX                             114.25 USD
2023-08-11 price RGAGX                             130.49 USD
2023-08-11 price ITOT                               94.59 USD
2023-08-11 price VEA                               150.63 USD
2023-08-11 price VHT                               192.62 USD
2023-08-11 price GLD                               190.25 USD
2023-08-18 price VBMPX                             113.95 USD
2023-08-18 price RGAGX                             128.85 USD
2023-08-18 price ITOT                               95.09 USD
2023-08-18 price VEA                               151.44 USD
2023-08-18 price VHT                               193.54 USD
2023-08-18 price GLD                               190.87 USD
2023-08-25 price VBMPX                             113.79 USD
2023-08-25 price RGAGX                             128.54 USD
2023-08-25 price ITOT                               94.94 USD
2023-08-25 price VEA                               154.53 USD
2023-08-25 price VHT                               197.20 USD
2023-08-25 price GLD                               187.31 USD
2023-09-01 price VBMPX                             114.46 USD
2023-09-01 price RGAGX                             130.62 USD
2023-09-01 price ITOT                               94.92 USD
2023-09-01 price VEA                               154.35 USD
2023-09-01 price VHT                               196.56 USD
2023-09-01 price GLD                               185.99 USD
2023-09-08 price VBMPX                             114.11 USD
2023-09-08 price RGAGX                             131.57 USD
2023-09-08 price ITOT                               95.59 USD
2023-09-08 price VEA                               150.28 USD
2023-09-08 price VHT                               196.23 USD
2023-09-08 price GLD                               187.76 USD
2023-09-15 price VBMPX                             114.16 USD
2023-09-15 price RGAGX                             132.09 USD
2023-09-15 price ITOT                               96.52 USD
2023-09-15 price VEA                               149.47 USD
2023-09-15 price VHT                               201.75 USD
2023-09-15 price GLD                               186.30 USD
2023-09-22 price VBMPX                             113.41 USD
2023-09-22 price RGAGX                             129.89 USD
2023-09-22 price ITOT                               95.59 USD
2023-09-22 price VEA                               148.92 USD
2023-09-22 price VHT                               203.27 USD
2023-09-22 price GLD                               185.84 USD
2023-09-29 price VBMPX                             113.88 USD
2023-09-29 price RGAGX                             128.20 USD
2023-09-29 price ITOT                               95.53 USD
2023-09-29 price VEA                               148.54 USD
2023-09-29 price VHT                               200.39 USD
2023-09-29 price GLD                               187.32 USD
2023-10-06 price VBMPX                             114.88 USD
2023-10-06 price RGAGX                             131.42 USD
2023-10-06 price ITOT                               95.48 USD
2023-10-06 price VEA                               149.64 USD
2023-10-06 price VHT                               199.15 USD
2023-10-06 price GLD                               189.99 USD
2023-10-13 price VBMPX                             115.24 USD
2023-10-13 price RGAGX                             131.96 USD
2023-10-13 price ITOT                               94.74 USD
2023-10-13 price VEA                               149.70 USD
2023-10-13 price VHT                               200.65 USD
2023-10-13 price GLD                               190.67 USD
2023-10-20 price VBMPX                             116.11 USD
2023-10-20 price RGAGX                             132.67 USD
2023-10-20 price ITOT                               94.20 USD
2023-10-20 price VEA                               152.95 USD
2023-10-20 price VHT                               206.59 USD
2023-10-20 price GLD                               191.26 USD
2023-10-27 price VBMPX                             113.87 USD
2023-10-27 price RGAGX                             131.99 USD
2023-10-27 price ITOT                               94.29 USD
2023-10-27 price VEA                               153.12 USD
2023-10-27 price VHT                               210.38 USD
2023-10-27 price GLD                               192.24 USD
2023-11-03 price VBMPX                             107.24 USD
2023-11-03 price RGAGX                             133.42 USD
2023-11-03 price ITOT                               93.43 USD
2023-11-03 price VEA                               149.55 USD
2023-11-03 price VHT                               210.96 USD
2023-11-03 price GLD                               190.70 USD
2023-11-10 price VBMPX                             105.05 USD
2023-11-10 price RGAGX                             134.15 USD
2023-11-10 price ITOT                               92.23 USD
2023-11-10 price VEA                               146.66 USD
2023-11-10 price VHT                               212.35 USD
2023-11-10 price GLD                               189.64 USD
2023-11-17 price VBMPX                             106.01 USD
2023-11-17 price RGAGX                             136.26 USD
2023-11-17 price ITOT                               92.11 USD
2023-11-17 price VEA                               147.40 USD
2023-11-17 price VHT                               209.75 USD
2023-11-17 price GLD                               193.20 USD
2023-11-24 price VBMPX                             106.88 USD
2023-11-24 price RGAGX                             136.68 USD
2023-11-24 price ITOT                               92.13 USD
2023-11-24 price VEA                               148.23 USD
2023-11-24 price VHT                               210.75 USD
2023-11-24 price GLD                               194.25 USD
2023-12-01 price VBMPX                             105.10 USD
2023-12-01 price RGAGX                             136.41 USD
2023-12-01 price ITOT                               91.95 USD
2023-12-01 price VEA                               145.45 USD
2023-12-01 price VHT                               209.51 USD
2023-12-01 price GLD                               194.02 USD
2023-12-08 price VBMPX                             104.71 USD
2023-12-08 price RGAGX                             137.64 USD
2023-12-08 price ITOT                               92.58 USD
2023-12-08 price VEA                               144.49 USD
2023-12-08 price VHT                               213.59 USD
2023-12-08 price GLD                               190.83 USD
2023-12-15 price VBMPX                             104.75 USD
2023-12-15 price RGAGX                             137.44 USD
2023-12-15 price ITOT                               92.52 USD
2023-12-15 price VEA                               149.32 USD
2023-12-15 price VHT                               212.68 USD
2023-12-15 price GLD                               189.84 USD
2023-12-22 price VBMPX                             106.14 USD
2023-12-22 price RGAGX                             136.88 USD
2023-12-22 price ITOT                               92.67 USD
2023-12-22 price VEA                               147.68 USD
2023-12-22 price VHT                               211.88 USD
2023-12-22 price GLD                               194.57 USD
2023-12-29 price VBMPX                             104.92 USD
2023-12-29 price RGAGX                             134.86 USD
2023-12-29 price ITOT                               92.67 USD
2023-12-29 price VEA                               146.80 USD
2023-12-29 price VHT                               211.65 USD
2023-12-29 price GLD                               195.81 USD
2024-01-05 price VBMPX                             105.11 USD
2024-01-05 price RGAGX                             137.43 USD
2024-01-05 price ITOT                               92.88 USD
2024-01-05 price VEA                               151.51 USD
2024-01-05 price VHT                               212.54 USD
2024-01-05 price GLD                               198.44 USD
2024-01-12 price VBMPX                             107.23 USD
2024-01-12 price RGAGX                             138.20 USD
2024-01-12 price ITOT                               92.90 USD
2024-01-12 price VEA                               151.94 USD
2024-01-12 price VHT                               218.46 USD
2024-01-12 price GLD                               198.37 USD
2024-01-19 price VBMPX                             107.60 USD
2024-01-19 price RGAGX                             138.18 USD
2024-01-19 price ITOT                               93.59 USD
2024-01-19 price VEA                               151.22 USD
2024-01-19 price VHT                               220.64 USD
2024-01-19 price GLD                               199.36 USD
2024-01-26 price VBMPX                             107.01 USD
2024-01-26 price RGAGX                             138.91 USD
2024-01-26 price ITOT                               93.37 USD
2024-01-26 price VEA                               150.97 USD
2024-01-26 price VHT                               221.55 USD
2024-01-26 price GLD                               201.88 USD
2024-02-02 price VBMPX                             105.68 USD
2024-02-02 price RGAGX                             141.59 USD
2024-02-02 price ITOT                               93.26 USD
2024-02-02 price VEA                               149.95 USD
2024-02-02 price VHT                               220.59 USD
2024-02-02 price GLD                               200.80 USD
2024-02-09 price VBMPX                             106.09 USD
2024-02-09 price RGAGX                             140.89 USD
2024-02-09 price ITOT                               92.84 USD
2024-02-09 price VEA                               153.69 USD
2024-02-09 price VHT                               224.28 USD
2024-02-09 price GLD                               198.88 USD
2024-02-16 price VBMPX                             105.90 USD
2024-02-16 price RGAGX                             140.42 USD
2024-02-16 price ITOT                               92.96 USD
2024-02-16 price VEA                               151.79 USD
2024-02-16 price VHT                               229.23 USD
2024-02-16 price GLD                               200.45 USD
2024-02-23 price VBMPX                             104.85 USD
2024-02-23 price RGAGX                             138.33 USD
2024-02-23 price ITOT                               93.16 USD
2024-02-23 price VEA                               149.34 USD
2024-02-23 price VHT                               232.84 USD
2024-02-23 price GLD                               201.99 USD
2024-03-01 price VBMPX                             105.42 USD
2024-03-01 price RGAGX                             135.55 USD
2024-03-01 price ITOT                               93.32 USD
2024-03-01 price VEA                               149.43 USD
2024-03-01 price VHT                               231.88 USD
2024-03-01 price GLD                               204.46 USD
2024-03-08 price VBMPX                             106.48 USD
2024-03-08 price RGAGX                             135.48 USD
2024-03-08 price ITOT                               92.30 USD
2024-03-08 price VEA                               149.76 USD
2024-03-08 price VHT                               232.17 USD
2024-03-08 price GLD                               204.91 USD
2024-03-15 price VBMPX                             106.76 USD
2024-03-15 price RGAGX                             133.93 USD
2024-03-15 price ITOT                               92.25 USD
2024-03-15 price VEA                               152.02 USD
2024-03-15 price VHT                               238.50 USD
2024-03-15 price GLD                               200.21 USD
2024-03-22 price VBMPX                             107.10 USD
2024-03-22 price RGAGX                             135.34 USD
2024-03-22 price ITOT                               92.63 USD
2024-03-22 price VEA                               152.79 USD
2024-03-22 price VHT                               237.57 USD
2024-03-22 price GLD                               202.32 USD
2024-03-29 price VBMPX                             104.94 USD
2024-03-29 price RGAGX                             136.38 USD
2024-03-29 price ITOT                               92.60 USD
2024-03-29 price VEA                               154.14 USD
2024-03-29 price VHT                               238.68 USD
2024-03-29 price GLD                               200.35 USD
2024-04-05 price VBMPX                             104.05 USD
2024-04-05 price RGAGX                             137.57 USD
2024-04-05 price ITOT                               92.36 USD
2024-04-05 price VEA                               157.33 USD
2024-04-05 price VHT                               237.24 USD
2024-04-05 price GLD                               201.93 USD
2024-04-12 price VBMPX                             101.17 USD
2024-04-12 price RGAGX                             135.69 USD
2024-04-12 price ITOT                               91.86 USD
2024-04-12 price VEA                               153.76 USD
2024-04-12 price VHT                               240.73 USD
2024-04-12 price GLD                               198.55 USD
2024-04-19 price VBMPX                             105.26 USD
2024-04-19 price RGAGX                             135.52 USD
2024-04-19 price ITOT                               91.66 USD
2024-04-19 price VEA                               151.60 USD
2024-04-19 price VHT                               242.26 USD
2024-04-19 price GLD                               197.85 USD
2024-04-26 price VBMPX                             106.87 USD
2024-04-26 price RGAGX                             134.87 USD
2024-04-26 price ITOT                               91.71 USD
2024-04-26 price VEA                               156.79 USD
2024-04-26 price VHT                               236.53 USD
2024-04-26 price GLD                               196.73 USD
2024-05-03 price VBMPX                             108.27 USD
2024-05-03 price RGAGX                             136.17 USD
2024-05-03 price ITOT                               91.53 USD
2024-05-03 price VEA                               155.22 USD
2024-05-03 price VHT                               232.30 USD
2024-05-03 price GLD                               200.76 USD
2024-05-10 price VBMPX                             108.04 USD
2024-05-10 price RGAGX                             134.61 USD
2024-05-10 price ITOT                               91.22 USD
2024-05-10 price VEA                               151.92 USD
2024-05-10 price VHT                               236.12 USD
2024-05-10 price GLD                               200.68 USD
2024-05-17 price VBMPX                             108.43 USD
2024-05-17 price RGAGX                             135.56 USD
2024-05-17 price ITOT                               91.02 USD
2024-05-17 price VEA                               145.60 USD
2024-05-17 price VHT                               234.42 USD
2024-05-17 price GLD                               203.85 USD
2024-05-24 price VBMPX                             106.79 USD
2024-05-24 price RGAGX                             137.75 USD
2024-05-24 price ITOT                               91.51 USD
2024-05-24 price VEA                               145.88 USD
2024-05-24 price VHT                               230.12 USD
2024-05-24 price GLD                               198.69 USD
2024-05-31 price VBMPX                             107.67 USD
2024-05-31 price RGAGX                             136.81 USD
2024-05-31 price ITOT                               90.76 USD
2024-05-31 price VEA                               143.51 USD
2024-05-31 price VHT                               233.93 USD
2024-05-31 price GLD                               198.43 USD
2024-06-07 price VBMPX                             106.37 USD
2024-06-07 price RGAGX                             137.89 USD
2024-06-07 price ITOT                               89.58 USD
2024-06-07 price VEA                               140.75 USD
2024-06-07 price VHT                               237.40 USD
2024-06-07 price GLD                               201.74 USD
2024-06-14 price VBMPX                             105.16 USD
2024-06-14 price RGAGX                             139.67 USD
2024-06-14 price ITOT                               89.09 USD
2024-06-14 price VEA                               139.46 USD
2024-06-14 price VHT                               237.91 USD
2024-06-14 price GLD                               200.88 USD
2024-06-21 price VBMPX                             104.60 USD
2024-06-21 price RGAGX                             139.50 USD
2024-06-21 price ITOT                               88.99 USD
2024-06-21 price VEA                               140.85 USD
2024-06-21 price VHT                               235.87 USD
2024-06-21 price GLD                               204.12 USD
2024-06-28 price VBMPX                             105.92 USD
2024-06-28 price RGAGX                             139.59 USD
2024-06-28 price ITOT                               89.24 USD
2024-06-28 price VEA                               140.72 USD
2024-06-28 price VHT                               236.85 USD
2024-06-28 price GLD                               206.69 USD
2024-07-05 price VBMPX                             105.45 USD
2024-07-05 price RGAGX                             140.78 USD
2024-07-05 price ITOT                               88.96 USD
2024-07-05 price VEA                               139.15 USD
2024-07-05 price VHT                               236.85 USD
2024-07-05 price GLD                               207.01 USD
2024-07-12 price VBMPX                             107.90 USD
2024-07-12 price RGAGX                             141.51 USD
2024-07-12 price ITOT                               88.27 USD
2024-07-12 price VEA                               141.22 USD
2024-07-12 price VHT                               235.39 USD
2024-07-12 price GLD                               208.28 USD
2024-07-19 price VBMPX                             108.18 USD
2024-07-19 price RGAGX                             142.52 USD
2024-07-19 price ITOT                               87.80 USD
2024-07-19 price VEA                               142.85 USD
2024-07-19 price VHT                               239.61 USD
2024-07-19 price GLD                               206.26 USD
2024-07-26 price VBMPX                             108.23 USD
2024-07-26 price RGAGX                             142.05 USD
2024-07-26 price ITOT                               88.63 USD
2024-07-26 price VEA                               148.80 USD
2024-07-26 price VHT                               238.88 USD
2024-07-26 price GLD                               203.78 USD
2024-08-02 price VBMPX                             110.13 USD
2024-08-02 price RGAGX                             144.43 USD
2024-08-02 price ITOT                               89.14 USD
2024-08-02 price VEA                               150.80 USD
2024-08-02 price VHT                               241.27 USD
2024-08-02 price GLD                               203.33 USD
2024-08-09 price VBMPX                             113.29 USD
2024-08-09 price RGAGX                             143.21 USD
2024-08-09 price ITOT                               89.62 USD
2024-08-09 price VEA                               154.74 USD
2024-08-09 price VHT                               242.87 USD
2024-08-09 price GLD                               206.79 USD
2024-08-16 price VBMPX                             113.02 USD
2024-08-16 price RGAGX                             145.03 USD
2024-08-16 price ITOT                               88.39 USD
2024-08-16 price VEA                               157.05 USD
2024-08-16 price VHT                               242.58 USD
2024-08-16 price GLD                               208.13 USD



* Cash

