;; -*- mode: org; mode: beancount; -*-
;; Birth: 1980-05-12
;; Dates: 2022-01-01 - 2024-08-19
;; THIS FILE HAS BEEN AUTO-GENERATED.
* Options

option "title" "Example Beancount file"
option "operating_currency" "USD"




* Commodities


1792-01-01 commodity USD
  name: "US Dollar"
  export: "CASH"

1900-01-01 commodity VMMXX
  export: "MUTF:VMMXX (MONEY:USD)"

1980-05-12 commodity VACHR
  name: "Employer Vacation Hours"
  export: "IGNORE"

1980-05-12 commodity IRAUSD
  name: "US 401k and IRA Contributions"
  export: "IGNORE"

1995-09-18 commodity VBMPX
  name: "Vanguard Total Bond Market Index Fund Institutional Plus Shares"
  export: "MUTF:VBMPX"
  price: "USD:google/MUTF:VBMPX"

2004-01-20 commodity ITOT
  name: "iShares Core S&P Total U.S. Stock Market ETF"
  export: "NYSEARCA:ITOT"
  price: "USD:google/NYSEARCA:ITOT"

2004-01-26 commodity VHT
  name: "Vanguard Health Care ETF"
  export: "NYSEARCA:VHT"
  price: "USD:google/NYSEARCA:VHT"

2004-11-01 commodity GLD
  name: "SPDR Gold Trust (ETF)"
  export: "NYSEARCA:GLD"
  price: "USD:google/NYSEARCA:GLD"

2007-07-20 commodity VEA
  name: "Vanguard FTSE Developed Markets ETF"
  export: "NYSEARCA:VEA"
  price: "USD:google/NYSEARCA:VEA"

2009-05-01 commodity RGAGX
  name: "American Funds The Growth Fund of America Class R-6"
  export: "MUTF:RGAGX"
  price: "USD:google/MUTF:RGAGX"



* Equity Accounts

1980-05-12 open Equity:Opening-Balances
1980-05-12 open Liabilities:AccountsPayable



* Banking

2022-01-01 open Assets:US:BofA
  institution: "Bank of America"
  address: "123 America Street, LargeTown, USA"
  phone: "+1.012.345.6789"
2022-01-01 open Assets:US:BofA:Checking                        USD
  account: "00234-48574897"

2022-01-01 * "Opening Balance for checking account"
  Assets:US:BofA:Checking                         4201.97 USD
  Equity:Opening-Balances                        -4201.97 USD

2022-01-02 balance Assets:US:BofA:Checking        4201.97 USD

2022-01-03 * "RiverBank Properties" "Paying the rent"
  Assets:US:BofA:Checking                        -2400.00 USD
  Expenses:Home:Rent                              2400.00 USD

2022-01-04 * "BANK FEES" "Monthly bank fee"
  Assets:US:BofA:Checking                           -4.00 USD
  Expenses:Financial:Fees                            4.00 USD

2022-01-09 * "EDISON POWER" ""
  Assets:US:BofA:Checking                          -65.00 USD
  Expenses:Home:Electricity                         65.00 USD

2022-01-18 * "Verizon Wireless" ""
  Assets:US:BofA:Checking                          -38.28 USD
  Expenses:Home:Phone                               38.28 USD

2022-01-21 * "Wine-Tarner Cable" ""
  Assets:US:BofA:Checking                          -80.05 USD
  Expenses:Home:Internet                            80.05 USD

2022-01-31 balance Assets:US:BofA:Checking        4129.04 USD

2022-02-04 * "BANK FEES" "Monthly bank fee"
  Assets:US:BofA:Checking                           -4.00 USD
  Expenses:Financial:Fees                            4.00 USD

2022-02-04 * "RiverBank Properties" "Paying the rent"
  Assets:US:BofA:Checking                        -2400.00 USD
  Expenses:Home:Rent                              2400.00 USD

2022-02-09 * "EDISON POWER" ""
  Assets:US:BofA:Checking                          -65.00 USD
  Expenses:Home:Electricity                         65.00 USD

2022-02-19 * "Verizon Wireless" ""
  Assets:US:BofA:Checking                          -54.79 USD
  Expenses:Home:Phone                               54.79 USD

2022-02-21 * "Wine-Tarner Cable" ""
  Assets:US:BofA:Checking                          -79.72 USD
  Expenses:Home:Internet                            79.72 USD

2022-03-02 balance Assets:US:BofA:Checking        3196.73 USD

2022-03-03 * "RiverBank Properties" "Paying the rent"
  Assets:US:BofA:Checking                        -2400.00 USD
  Expenses:Home:Rent                              2400.00 USD

2022-03-04 * "BANK FEES" "Monthly bank fee"
  Assets:US:BofA:Checking                           -4.00 USD
  Expenses:Financial:Fees                            4.00 USD

2022-03-08 * "EDISON POWER" ""
  Assets:US:BofA:Checking                          -65.00 USD
  Expenses:Home:Electricity                         65.00 USD

2022-03-20 * "Verizon Wireless" ""
  Assets:US:BofA:Checking                          -70.80 USD
  Expenses:Home:Phone                               70.80 USD

2022-03-23 * "Wine-Tarner Cable" ""
  Assets:US:BofA:Checking                          -79.89 USD
  Expenses:Home:Internet                            79.89 USD

2022-03-29 balance Assets:US:BofA:Checking        2825.55 USD

2022-04-03 * "RiverBank Properties" "Paying the rent"
  Assets:US:BofA:Checking                        -2400.00 USD
  Expenses:Home:Rent                              2400.00 USD

2022-04-04 * "BANK FEES" "Monthly bank fee"
  Assets:US:BofA:Checking                           -4.00 USD
  Expenses:Financial:Fees                            4.00 USD

2022-04-08 * "EDISON POWER" ""
  Assets:US:BofA:Checking                          -65.00 USD
  Expenses:Home:Electricity                         65.00 USD

2022-04-18 balance Assets:US:BofA:Checking        2351.75 USD

2022-04-18 * "Verizon Wireless" ""
  Assets:US:BofA:Checking                          -62.53 USD
  Expenses:Home:Phone                               62.53 USD

2022-04-23 * "Wine-Tarner Cable" ""
  Assets:US:BofA:Checking                          -80.02 USD
  Expenses:Home:Internet                            80.02 USD

2022-05-03 * "RiverBank Properties" "Paying the rent"
  Assets:US:BofA:Checking                        -2400.00 USD
  Expenses:Home:Rent                              2400.00 USD

2022-05-04 * "BANK FEES" "Monthly bank fee"
  Assets:US:BofA:Checking                           -4.00 USD
  Expenses:Financial:Fees                            4.00 USD

2022-05-08 * "EDISON POWER" ""
  Assets:US:BofA:Checking                          -65.00 USD
  Expenses:Home:Electricity                         65.00 USD

2022-05-11 balance Assets:US:BofA:Checking        1090.80 USD

2022-05-19 * "Verizon Wireless" ""
  Assets:US:BofA:Checking                          -57.72 USD
  Expenses:Home:Phone                               57.72 USD

2022-05-22 * "Wine-Tarner Cable" ""
  Assets:US:BofA:Checking                          -79.82 USD
  Expenses:Home:Internet                            79.82 USD

2022-06-02 balance Assets:US:BofA:Checking        2991.06 USD

2022-06-04 * "BANK FEES" "Monthly bank fee"
  Assets:US:BofA:Checking                           -4.00 USD
  Expenses:Financial:Fees                            4.00 USD

2022-06-06 * "RiverBank Properties" "Paying the rent"
  Assets:US:BofA:Checking                        -2400.00 USD
  Expenses:Home:Rent                              2400.00 USD

2022-06-08 * "EDISON POWER" ""
  Assets:US:BofA:Checking                          -65.00 USD
  Expenses:Home:Electricity                         65.00 USD

2022-06-20 * "Verizon Wireless" ""
  Assets:US:BofA:Checking                          -65.06 USD
  Expenses:Home:Phone                               65.06 USD

2022-06-21 * "Wine-Tarner Cable" ""
  Assets:US:BofA:Checking                          -79.95 USD
  Expenses:Home:Internet                            79.95 USD

2022-06-22 balance Assets:US:BofA:Checking        1053.40 USD

2022-07-03 * "RiverBank Properties" "Paying the rent"
  Assets:US:BofA:Checking                        -2400.00 USD
  Expenses:Home:Rent                              2400.00 USD

2022-07-04 * "BANK FEES" "Monthly bank fee"
  Assets:US:BofA:Checking                           -4.00 USD
  Expenses:Financial:Fees                            4.00 USD

2022-07-08 * "EDISON POWER" ""
  Assets:US:BofA:Checking                          -65.00 USD
  Expenses:Home:Electricity                         65.00 USD

2022-07-15 balance Assets:US:BofA:Checking         370.36 USD

2022-07-19 * "Verizon Wireless" ""
  Assets:US:BofA:Checking                          -55.75 USD
  Expenses:Home:Phone                               55.75 USD

2022-07-23 * "Wine-Tarner Cable" ""
  Assets:US:BofA:Checking                          -79.95 USD
  Expenses:Home:Internet                            79.95 USD

2022-08-04 * "BANK FEES" "Monthly bank fee"
  Assets:US:BofA:Checking                           -4.00 USD
  Expenses:Financial:Fees                            4.00 USD

2022-08-06 balance Assets:US:BofA:Checking        3631.86 USD

2022-08-06 * "RiverBank Properties" "Paying the rent"
  Assets:US:BofA:Checking                        -2400.00 USD
  Expenses:Home:Rent                              2400.00 USD

2022-08-08 * "EDISON POWER" ""
  Assets:US:BofA:Checking                          -65.00 USD
  Expenses:Home:Electricity                         65.00 USD

2022-08-18 * "Verizon Wireless" ""
  Assets:US:BofA:Checking                          -65.39 USD
  Expenses:Home:Phone                               65.39 USD

2022-08-21 * "Wine-Tarner Cable" ""
  Assets:US:BofA:Checking                          -80.01 USD
  Expenses:Home:Internet                            80.01 USD

2022-08-26 balance Assets:US:BofA:Checking        2899.93 USD

2022-09-04 * "BANK FEES" "Monthly bank fee"
  Assets:US:BofA:Checking                           -4.00 USD
  Expenses:Financial:Fees                            4.00 USD

2022-09-05 * "RiverBank Properties" "Paying the rent"
  Assets:US:BofA:Checking                        -2400.00 USD
  Expenses:Home:Rent                              2400.00 USD

2022-09-08 * "EDISON POWER" ""
  Assets:US:BofA:Checking                          -65.00 USD
  Expenses:Home:Electricity                         65.00 USD

2022-09-16 * "Transfering accumulated savings to other account"
  Assets:US:BofA:Checking                           -3500 USD
  Assets:US:ETrade:Cash                              3500 USD

2022-09-19 * "Verizon Wireless" ""
  Assets:US:BofA:Checking                          -64.25 USD
  Expenses:Home:Phone                               64.25 USD

2022-09-22 balance Assets:US:BofA:Checking        1180.01 USD

2022-09-23 * "Wine-Tarner Cable" ""
  Assets:US:BofA:Checking                          -79.93 USD
  Expenses:Home:Internet                            79.93 USD

2022-10-04 * "BANK FEES" "Monthly bank fee"
  Assets:US:BofA:Checking                           -4.00 USD
  Expenses:Financial:Fees                            4.00 USD

2022-10-05 * "RiverBank Properties" "Paying the rent"
  Assets:US:BofA:Checking                        -2400.00 USD
  Expenses:Home:Rent                              2400.00 USD

2022-10-08 * "EDISON POWER" ""
  Assets:US:BofA:Checking                          -65.00 USD
  Expenses:Home:Electricity                         65.00 USD

2022-10-16 balance Assets:US:BofA:Checking        3071.05 USD

2022-10-20 * "Verizon Wireless" ""
  Assets:US:BofA:Checking                          -55.98 USD
  Expenses:Home:Phone                               55.98 USD

2022-10-22 * "Wine-Tarner Cable" ""
  Assets:US:BofA:Checking                          -79.97 USD
  Expenses:Home:Internet                            79.97 USD

2022-11-03 * "RiverBank Properties" "Paying the rent"
  Assets:US:BofA:Checking                        -2400.00 USD
  Expenses:Home:Rent                              2400.00 USD

2022-11-04 * "BANK FEES" "Monthly bank fee"
  Assets:US:BofA:Checking                           -4.00 USD
  Expenses:Financial:Fees                            4.00 USD

2022-11-07 balance Assets:US:BofA:Checking        3081.70 USD

2022-11-08 * "EDISON POWER" ""
  Assets:US:BofA:Checking                          -65.00 USD
  Expenses:Home:Electricity                         65.00 USD

2022-11-11 * "Transfering accumulated savings to other account"
  Assets:US:BofA:Checking                           -4000 USD
  Assets:US:ETrade:Cash                              4000 USD

2022-11-19 * "Verizon Wireless" ""
  Assets:US:BofA:Checking                          -64.56 USD
  Expenses:Home:Phone                               64.56 USD

2022-11-23 * "Wine-Tarner Cable" ""
  Assets:US:BofA:Checking                          -80.09 USD
  Expenses:Home:Internet                            80.09 USD

2022-12-04 balance Assets:US:BofA:Checking        3155.92 USD

2022-12-04 * "BANK FEES" "Monthly bank fee"
  Assets:US:BofA:Checking                           -4.00 USD
  Expenses:Financial:Fees                            4.00 USD

2022-12-06 * "RiverBank Properties" "Paying the rent"
  Assets:US:BofA:Checking                        -2400.00 USD
  Expenses:Home:Rent                              2400.00 USD

2022-12-09 * "EDISON POWER" ""
  Assets:US:BofA:Checking                          -65.00 USD
  Expenses:Home:Electricity                         65.00 USD

2022-12-20 * "Verizon Wireless" ""
  Assets:US:BofA:Checking                          -77.97 USD
  Expenses:Home:Phone                               77.97 USD

2022-12-23 * "Wine-Tarner Cable" ""
  Assets:US:BofA:Checking                          -80.01 USD
  Expenses:Home:Internet                            80.01 USD

2022-12-30 balance Assets:US:BofA:Checking        5274.48 USD

2023-01-04 * "BANK FEES" "Monthly bank fee"
  Assets:US:BofA:Checking                           -4.00 USD
  Expenses:Financial:Fees                            4.00 USD

2023-01-05 * "RiverBank Properties" "Paying the rent"
  Assets:US:BofA:Checking                        -2400.00 USD
  Expenses:Home:Rent                              2400.00 USD

2023-01-08 * "EDISON POWER" ""
  Assets:US:BofA:Checking                          -65.00 USD
  Expenses:Home:Electricity                         65.00 USD

2023-01-19 * "Verizon Wireless" ""
  Assets:US:BofA:Checking                          -50.31 USD
  Expenses:Home:Phone                               50.31 USD

2023-01-20 balance Assets:US:BofA:Checking        5260.44 USD

2023-01-23 * "Wine-Tarner Cable" ""
  Assets:US:BofA:Checking                          -79.90 USD
  Expenses:Home:Internet                            79.90 USD

2023-02-03 * "RiverBank Properties" "Paying the rent"
  Assets:US:BofA:Checking                        -2400.00 USD
  Expenses:Home:Rent                              2400.00 USD

2023-02-04 * "BANK FEES" "Monthly bank fee"
  Assets:US:BofA:Checking                           -4.00 USD
  Expenses:Financial:Fees                            4.00 USD

2023-02-08 * "EDISON POWER" ""
  Assets:US:BofA:Checking                          -65.00 USD
  Expenses:Home:Electricity                         65.00 USD

2023-02-16 balance Assets:US:BofA:Checking        3580.24 USD

2023-02-19 * "Verizon Wireless" ""
  Assets:US:BofA:Checking                          -53.59 USD
  Expenses:Home:Phone                               53.59 USD

2023-02-21 * "Wine-Tarner Cable" ""
  Assets:US:BofA:Checking                          -80.05 USD
  Expenses:Home:Internet                            80.05 USD

2023-03-03 * "RiverBank Properties" "Paying the rent"
  Assets:US:BofA:Checking                        -2400.00 USD
  Expenses:Home:Rent                              2400.00 USD

2023-03-04 * "BANK FEES" "Monthly bank fee"
  Assets:US:BofA:Checking                           -4.00 USD
  Expenses:Financial:Fees                            4.00 USD

2023-03-08 balance Assets:US:BofA:Checking        3743.80 USD

2023-03-08 * "EDISON POWER" ""
  Assets:US:BofA:Checking                          -65.00 USD
  Expenses:Home:Electricity                         65.00 USD

2023-03-20 * "Verizon Wireless" ""
  Assets:US:BofA:Checking                          -62.70 USD
  Expenses:Home:Phone                               62.70 USD

2023-03-22 * "Wine-Tarner Cable" ""
  Assets:US:BofA:Checking                          -80.06 USD
  Expenses:Home:Internet                            80.06 USD

2023-04-04 balance Assets:US:BofA:Checking        4866.98 USD

2023-04-04 * "BANK FEES" "Monthly bank fee"
  Assets:US:BofA:Checking                           -4.00 USD
  Expenses:Financial:Fees                            4.00 USD

2023-04-05 * "RiverBank Properties" "Paying the rent"
  Assets:US:BofA:Checking                        -2400.00 USD
  Expenses:Home:Rent                              2400.00 USD

2023-04-08 * "EDISON POWER" ""
  Assets:US:BofA:Checking                          -65.00 USD
  Expenses:Home:Electricity                         65.00 USD

2023-04-19 * "Verizon Wireless" ""
  Assets:US:BofA:Checking                          -58.74 USD
  Expenses:Home:Phone                               58.74 USD

2023-04-21 * "Wine-Tarner Cable" ""
  Assets:US:BofA:Checking                          -80.22 USD
  Expenses:Home:Internet                            80.22 USD

2023-04-29 balance Assets:US:BofA:Checking        4387.56 USD

2023-05-04 * "BANK FEES" "Monthly bank fee"
  Assets:US:BofA:Checking                           -4.00 USD
  Expenses:Financial:Fees                            4.00 USD

2023-05-05 * "RiverBank Properties" "Paying the rent"
  Assets:US:BofA:Checking                        -2400.00 USD
  Expenses:Home:Rent                              2400.00 USD

2023-05-08 * "EDISON POWER" ""
  Assets:US:BofA:Checking                          -65.00 USD
  Expenses:Home:Electricity                         65.00 USD

2023-05-19 * "Verizon Wireless" ""
  Assets:US:BofA:Checking                          -71.87 USD
  Expenses:Home:Phone                               71.87 USD

2023-05-23 * "Wine-Tarner Cable" ""
  Assets:US:BofA:Checking                          -79.98 USD
  Expenses:Home:Internet                            79.98 USD

2023-05-27 balance Assets:US:BofA:Checking        3829.38 USD

2023-06-03 * "RiverBank Properties" "Paying the rent"
  Assets:US:BofA:Checking                        -2400.00 USD
  Expenses:Home:Rent                              2400.00 USD

2023-06-04 * "BANK FEES" "Monthly bank fee"
  Assets:US:BofA:Checking                           -4.00 USD
  Expenses:Financial:Fees                            4.00 USD

2023-06-09 * "EDISON POWER" ""
  Assets:US:BofA:Checking                          -65.00 USD
  Expenses:Home:Electricity                         65.00 USD

2023-06-19 * "Verizon Wireless" ""
  Assets:US:BofA:Checking                          -60.72 USD
  Expenses:Home:Phone                               60.72 USD

2023-06-21 * "Wine-Tarner Cable" ""
  Assets:US:BofA:Checking                          -79.88 USD
  Expenses:Home:Internet                            79.88 USD

2023-06-23 balance Assets:US:BofA:Checking        3159.36 USD

2023-07-04 * "BANK FEES" "Monthly bank fee"
  Assets:US:BofA:Checking                           -4.00 USD
  Expenses:Financial:Fees                            4.00 USD

2023-07-04 * "RiverBank Properties" "Paying the rent"
  Assets:US:BofA:Checking                        -2400.00 USD
  Expenses:Home:Rent                              2400.00 USD

2023-07-08 * "EDISON POWER" ""
  Assets:US:BofA:Checking                          -65.00 USD
  Expenses:Home:Electricity                         65.00 USD

2023-07-19 * "Verizon Wireless" ""
  Assets:US:BofA:Checking                          -53.40 USD
  Expenses:Home:Phone                               53.40 USD

2023-07-20 balance Assets:US:BofA:Checking        1575.65 USD

2023-07-22 * "Wine-Tarner Cable" ""
  Assets:US:BofA:Checking                          -79.88 USD
  Expenses:Home:Internet                            79.88 USD

2023-08-04 * "BANK FEES" "Monthly bank fee"
  Assets:US:BofA:Checking                           -4.00 USD
  Expenses:Financial:Fees                            4.00 USD

2023-08-04 * "RiverBank Properties" "Paying the rent"
  Assets:US:BofA:Checking                        -2400.00 USD
  Expenses:Home:Rent                              2400.00 USD

2023-08-09 * "EDISON POWER" ""
  Assets:US:BofA:Checking                          -65.00 USD
  Expenses:Home:Electricity                         65.00 USD

2023-08-16 balance Assets:US:BofA:Checking        1855.19 USD

2023-08-18 * "Verizon Wireless" ""
  Assets:US:BofA:Checking                          -68.46 USD
  Expenses:Home:Phone                               68.46 USD

2023-08-18 * "Transfering accumulated savings to other account"
  Assets:US:BofA:Checking                           -3000 USD
  Assets:US:ETrade:Cash                              3000 USD

2023-08-21 * "Wine-Tarner Cable" ""
  Assets:US:BofA:Checking                          -80.03 USD
  Expenses:Home:Internet                            80.03 USD

2023-09-03 * "RiverBank Properties" "Paying the rent"
  Assets:US:BofA:Checking                        -2400.00 USD
  Expenses:Home:Rent                              2400.00 USD

2023-09-04 * "BANK FEES" "Monthly bank fee"
  Assets:US:BofA:Checking                           -4.00 USD
  Expenses:Financial:Fees                            4.00 USD

2023-09-06 balance Assets:US:BofA:Checking        1403.90 USD

2023-09-08 * "EDISON POWER" ""
  Assets:US:BofA:Checking                          -65.00 USD
  Expenses:Home:Electricity                         65.00 USD

2023-09-20 * "Verizon Wireless" ""
  Assets:US:BofA:Checking                          -64.61 USD
  Expenses:Home:Phone                               64.61 USD

2023-09-23 * "Wine-Tarner Cable" ""
  Assets:US:BofA:Checking                          -79.97 USD
  Expenses:Home:Internet                            79.97 USD

2023-09-28 balance Assets:US:BofA:Checking        3036.98 USD

2023-10-04 * "BANK FEES" "Monthly bank fee"
  Assets:US:BofA:Checking                           -4.00 USD
  Expenses:Financial:Fees                            4.00 USD

2023-10-04 * "RiverBank Properties" "Paying the rent"
  Assets:US:BofA:Checking                        -2400.00 USD
  Expenses:Home:Rent                              2400.00 USD

2023-10-08 * "EDISON POWER" ""
  Assets:US:BofA:Checking                          -65.00 USD
  Expenses:Home:Electricity                         65.00 USD

2023-10-13 * "Transfering accumulated savings to other account"
  Assets:US:BofA:Checking                           -4000 USD
  Assets:US:ETrade:Cash                              4000 USD

2023-10-19 balance Assets:US:BofA:Checking         900.07 USD

2023-10-19 * "Verizon Wireless" ""
  Assets:US:BofA:Checking                          -59.87 USD
  Expenses:Home:Phone                               59.87 USD

2023-10-23 * "Wine-Tarner Cable" ""
  Assets:US:BofA:Checking                          -80.05 USD
  Expenses:Home:Internet                            80.05 USD

2023-11-04 * "BANK FEES" "Monthly bank fee"
  Assets:US:BofA:Checking                           -4.00 USD
  Expenses:Financial:Fees                            4.00 USD

2023-11-05 * "RiverBank Properties" "Paying the rent"
  Assets:US:BofA:Checking                        -2400.00 USD
  Expenses:Home:Rent                              2400.00 USD

2023-11-09 * "EDISON POWER" ""
  Assets:US:BofA:Checking                          -65.00 USD
  Expenses:Home:Electricity                         65.00 USD

2023-11-13 balance Assets:US:BofA:Checking        2752.75 USD

2023-11-20 * "Verizon Wireless" ""
  Assets:US:BofA:Checking                          -66.11 USD
  Expenses:Home:Phone                               66.11 USD

2023-11-23 * "Wine-Tarner Cable" ""
  Assets:US:BofA:Checking                          -80.02 USD
  Expenses:Home:Internet                            80.02 USD

2023-12-04 balance Assets:US:BofA:Checking        5157.22 USD

2023-12-04 * "BANK FEES" "Monthly bank fee"
  Assets:US:BofA:Checking                           -4.00 USD
  Expenses:Financial:Fees                            4.00 USD

2023-12-06 * "RiverBank Properties" "Paying the rent"
  Assets:US:BofA:Checking                        -2400.00 USD
  Expenses:Home:Rent                              2400.00 USD

2023-12-08 * "EDISON POWER" ""
  Assets:US:BofA:Checking                          -65.00 USD
  Expenses:Home:Electricity                         65.00 USD

2023-12-20 * "Verizon Wireless" ""
  Assets:US:BofA:Checking                          -60.32 USD
  Expenses:Home:Phone                               60.32 USD

2023-12-21 * "Wine-Tarner Cable" ""
  Assets:US:BofA:Checking                          -80.09 USD
  Expenses:Home:Internet                            80.09 USD

2023-12-27 balance Assets:US:BofA:Checking        7299.80 USD

2024-01-04 * "BANK FEES" "Monthly bank fee"
  Assets:US:BofA:Checking                           -4.00 USD
  Expenses:Financial:Fees                            4.00 USD

2024-01-05 * "RiverBank Properties" "Paying the rent"
  Assets:US:BofA:Checking                        -2400.00 USD
  Expenses:Home:Rent                              2400.00 USD

2024-01-08 * "EDISON POWER" ""
  Assets:US:BofA:Checking                          -65.00 USD
  Expenses:Home:Electricity                         65.00 USD

2024-01-18 * "Verizon Wireless" ""
  Assets:US:BofA:Checking                          -48.25 USD
  Expenses:Home:Phone                               48.25 USD

2024-01-20 balance Assets:US:BofA:Checking        6567.36 USD

2024-01-21 * "Wine-Tarner Cable" ""
  Assets:US:BofA:Checking                          -80.04 USD
  Expenses:Home:Internet                            80.04 USD

2024-02-04 * "BANK FEES" "Monthly bank fee"
  Assets:US:BofA:Checking                           -4.00 USD
  Expenses:Financial:Fees                            4.00 USD

2024-02-06 * "RiverBank Properties" "Paying the rent"
  Assets:US:BofA:Checking                        -2400.00 USD
  Expenses:Home:Rent                              2400.00 USD

2024-02-08 * "EDISON POWER" ""
  Assets:US:BofA:Checking                          -65.00 USD
  Expenses:Home:Electricity                         65.00 USD

2024-02-11 balance Assets:US:BofA:Checking        4685.86 USD

2024-02-20 * "Verizon Wireless" ""
  Assets:US:BofA:Checking                          -66.88 USD
  Expenses:Home:Phone                               66.88 USD

2024-02-23 * "Wine-Tarner Cable" ""
  Assets:US:BofA:Checking                          -80.11 USD
  Expenses:Home:Internet                            80.11 USD

2024-03-03 * "RiverBank Properties" "Paying the rent"
  Assets:US:BofA:Checking                        -2400.00 USD
  Expenses:Home:Rent                              2400.00 USD

2024-03-04 balance Assets:US:BofA:Checking        4840.07 USD

2024-03-04 * "BANK FEES" "Monthly bank fee"
  Assets:US:BofA:Checking                           -4.00 USD
  Expenses:Financial:Fees                            4.00 USD

2024-03-09 * "EDISON POWER" ""
  Assets:US:BofA:Checking                          -65.00 USD
  Expenses:Home:Electricity                         65.00 USD

2024-03-20 * "Verizon Wireless" ""
  Assets:US:BofA:Checking                          -46.51 USD
  Expenses:Home:Phone                               46.51 USD

2024-03-23 * "Wine-Tarner Cable" ""
  Assets:US:BofA:Checking                          -79.95 USD
  Expenses:Home:Internet                            79.95 USD

2024-04-01 balance Assets:US:BofA:Checking        5881.83 USD

2024-04-04 * "BANK FEES" "Monthly bank fee"
  Assets:US:BofA:Checking                           -4.00 USD
  Expenses:Financial:Fees                            4.00 USD

2024-04-04 * "RiverBank Properties" "Paying the rent"
  Assets:US:BofA:Checking                        -2400.00 USD
  Expenses:Home:Rent                              2400.00 USD

2024-04-09 * "EDISON POWER" ""
  Assets:US:BofA:Checking                          -65.00 USD
  Expenses:Home:Electricity                         65.00 USD

2024-04-19 * "Verizon Wireless" ""
  Assets:US:BofA:Checking                          -59.41 USD
  Expenses:Home:Phone                               59.41 USD

2024-04-21 * "Wine-Tarner Cable" ""
  Assets:US:BofA:Checking                          -80.06 USD
  Expenses:Home:Internet                            80.06 USD

2024-04-25 balance Assets:US:BofA:Checking        3850.44 USD

2024-05-03 * "RiverBank Properties" "Paying the rent"
  Assets:US:BofA:Checking                        -2400.00 USD
  Expenses:Home:Rent                              2400.00 USD

2024-05-04 * "BANK FEES" "Monthly bank fee"
  Assets:US:BofA:Checking                           -4.00 USD
  Expenses:Financial:Fees                            4.00 USD

2024-05-08 * "EDISON POWER" ""
  Assets:US:BofA:Checking                          -65.00 USD
  Expenses:Home:Electricity                         65.00 USD

2024-05-18 * "Verizon Wireless" ""
  Assets:US:BofA:Checking                          -68.07 USD
  Expenses:Home:Phone                               68.07 USD

2024-05-22 * "Wine-Tarner Cable" ""
  Assets:US:BofA:Checking                          -80.07 USD
  Expenses:Home:Internet                            80.07 USD

2024-05-24 balance Assets:US:BofA:Checking        4593.67 USD

2024-06-04 * "BANK FEES" "Monthly bank fee"
  Assets:US:BofA:Checking                           -4.00 USD
  Expenses:Financial:Fees                            4.00 USD

2024-06-06 * "RiverBank Properties" "Paying the rent"
  Assets:US:BofA:Checking                        -2400.00 USD
  Expenses:Home:Rent                              2400.00 USD

2024-06-09 * "EDISON POWER" ""
  Assets:US:BofA:Checking                          -65.00 USD
  Expenses:Home:Electricity                         65.00 USD

2024-06-20 * "Verizon Wireless" ""
  Assets:US:BofA:Checking                          -59.65 USD
  Expenses:Home:Phone                               59.65 USD

2024-06-23 balance Assets:US:BofA:Checking        4216.14 USD

2024-06-23 * "Wine-Tarner Cable" ""
  Assets:US:BofA:Checking                          -80.08 USD
  Expenses:Home:Internet                            80.08 USD

2024-07-03 * "RiverBank Properties" "Paying the rent"
  Assets:US:BofA:Checking                        -2400.00 USD
  Expenses:Home:Rent                              2400.00 USD

2024-07-04 * "BANK FEES" "Monthly bank fee"
  Assets:US:BofA:Checking                           -4.00 USD
  Expenses:Financial:Fees                            4.00 USD

2024-07-08 * "EDISON POWER" ""
  Assets:US:BofA:Checking                          -65.00 USD
  Expenses:Home:Electricity                         65.00 USD

2024-07-19 * "Verizon Wireless" ""
  Assets:US:BofA:Checking                          -49.85 USD
  Expenses:Home:Phone                               49.85 USD

2024-07-19 * "Transfering accumulated savings to other account"
  Assets:US:BofA:Checking                           -3000 USD
  Assets:US:ETrade:Cash                              3000 USD

2024-07-22 balance Assets:US:BofA:Checking         727.71 USD

2024-07-22 * "Wine-Tarner Cable" ""
  Assets:US:BofA:Checking                          -79.86 USD
  Expenses:Home:Internet                            79.86 USD

2024-08-04 * "BANK FEES" "Monthly bank fee"
  Assets:US:BofA:Checking                           -4.00 USD
  Expenses:Financial:Fees                            4.00 USD

2024-08-14 balance Assets:US:BofA:Checking        2694.45 USD

2024-08-16 * "Transfering accumulated savings to other account"
  Assets:US:BofA:Checking                           -5000 USD
  Assets:US:ETrade:Cash                              5000 USD



* Credit-Cards

1980-05-12 open Liabilities:US:Chase:Slate                      USD

2022-01-04 * "Goba Goba" "Eating out with Julie"
  Liabilities:US:Chase:Slate                       -22.84 USD
  Expenses:Food:Restaurant                          22.84 USD

2022-01-06 * "Good Moods Market" "Buying groceries"
  Liabilities:US:Chase:Slate                       -84.90 USD
  Expenses:Food:Groceries                           84.90 USD

2022-01-08 * "Jewel of Morroco" "Eating out alone"
  Liabilities:US:Chase:Slate                       -47.50 USD
  Expenses:Food:Restaurant                          47.50 USD

2022-01-11 * "Jewel of Morroco" "Eating out alone"
  Liabilities:US:Chase:Slate                       -31.56 USD
  Expenses:Food:Restaurant                          31.56 USD

2022-01-11 * "Chase:Slate" "Paying off credit card"
  Liabilities:US:Chase:Slate                       186.80 USD
  Assets:US:BofA:Checking                         -186.80 USD

2022-01-15 * "Good Moods Market" "Buying groceries"
  Liabilities:US:Chase:Slate                      -130.88 USD
  Expenses:Food:Groceries                          130.88 USD

2022-01-16 * "Rose Flower" "Eating out after work"
  Liabilities:US:Chase:Slate                       -55.99 USD
  Expenses:Food:Restaurant                          55.99 USD

2022-01-19 * "Kin Soy" "Eating out "
  Liabilities:US:Chase:Slate                       -51.63 USD
  Expenses:Food:Restaurant                          51.63 USD

2022-01-21 * "China Garden" "Eating out alone"
  Liabilities:US:Chase:Slate                       -22.07 USD
  Expenses:Food:Restaurant                          22.07 USD

2022-01-22 * "Good Moods Market" "Buying groceries"
  Liabilities:US:Chase:Slate                       -71.16 USD
  Expenses:Food:Groceries                           71.16 USD

2022-01-23 * "Cafe Modagor" "Eating out alone"
  Liabilities:US:Chase:Slate                       -60.03 USD
  Expenses:Food:Restaurant                          60.03 USD

2022-01-25 * "Jewel of Morroco" "Eating out after work"
  Liabilities:US:Chase:Slate                       -40.98 USD
  Expenses:Food:Restaurant                          40.98 USD

2022-01-26 balance Liabilities:US:Chase:Slate     -432.74 USD

2022-01-27 * "Uncle Boons" "Eating out alone"
  Liabilities:US:Chase:Slate                       -28.61 USD
  Expenses:Food:Restaurant                          28.61 USD

2022-01-28 * "Metro Transport Authority" "Tram tickets"
  Liabilities:US:Chase:Slate                      -120.00 USD
  Expenses:Transport:Tram                          120.00 USD

2022-01-30 * "Rose Flower" "Eating out after work"
  Liabilities:US:Chase:Slate                       -46.57 USD
  Expenses:Food:Restaurant                          46.57 USD

2022-02-01 * "Rose Flower" "Eating out with Joe"
  Liabilities:US:Chase:Slate                       -48.36 USD
  Expenses:Food:Restaurant                          48.36 USD

2022-02-03 * "Kin Soy" "Eating out "
  Liabilities:US:Chase:Slate                       -22.75 USD
  Expenses:Food:Restaurant                          22.75 USD

2022-02-03 * "Corner Deli" "Buying groceries"
  Liabilities:US:Chase:Slate                       -71.69 USD
  Expenses:Food:Groceries                           71.69 USD

2022-02-06 * "Cafe Modagor" "Eating out with Bill"
  Liabilities:US:Chase:Slate                       -37.50 USD
  Expenses:Food:Restaurant                          37.50 USD

2022-02-08 * "Good Moods Market" "Buying groceries"
  Liabilities:US:Chase:Slate                      -126.52 USD
  Expenses:Food:Groceries                          126.52 USD

2022-02-09 * "Jewel of Morroco" "Eating out with Julie"
  Liabilities:US:Chase:Slate                       -20.00 USD
  Expenses:Food:Restaurant                          20.00 USD

2022-02-10 * "Cafe Modagor" "Eating out with work buddies"
  Liabilities:US:Chase:Slate                       -43.79 USD
  Expenses:Food:Restaurant                          43.79 USD

2022-02-11 * "Chase:Slate" "Paying off credit card"
  Liabilities:US:Chase:Slate                      1030.00 USD
  Assets:US:BofA:Checking                        -1030.00 USD

2022-02-15 * "Jewel of Morroco" "Eating out after work"
  Liabilities:US:Chase:Slate                       -31.47 USD
  Expenses:Food:Restaurant                          31.47 USD

2022-02-16 * "Chichipotle" "Eating out with Natasha"
  Liabilities:US:Chase:Slate                       -30.19 USD
  Expenses:Food:Restaurant                          30.19 USD

2022-02-17 balance Liabilities:US:Chase:Slate      -30.19 USD

2022-02-19 * "Good Moods Market" "Buying groceries"
  Liabilities:US:Chase:Slate                       -93.73 USD
  Expenses:Food:Groceries                           93.73 USD

2022-02-20 * "Goba Goba" "Eating out with work buddies"
  Liabilities:US:Chase:Slate                       -65.52 USD
  Expenses:Food:Restaurant                          65.52 USD

2022-02-25 * "Chichipotle" "Eating out alone"
  Liabilities:US:Chase:Slate                       -47.72 USD
  Expenses:Food:Restaurant                          47.72 USD

2022-02-25 * "Metro Transport Authority" "Tram tickets"
  Liabilities:US:Chase:Slate                      -120.00 USD
  Expenses:Transport:Tram                          120.00 USD

2022-03-02 * "Uncle Boons" "Eating out "
  Liabilities:US:Chase:Slate                       -10.12 USD
  Expenses:Food:Restaurant                          10.12 USD

2022-03-04 * "China Garden" "Eating out with Joe"
  Liabilities:US:Chase:Slate                       -44.98 USD
  Expenses:Food:Restaurant                          44.98 USD

2022-03-08 * "China Garden" "Eating out with work buddies"
  Liabilities:US:Chase:Slate                       -40.43 USD
  Expenses:Food:Restaurant                          40.43 USD

2022-03-08 * "Chase:Slate" "Paying off credit card"
  Liabilities:US:Chase:Slate                       452.69 USD
  Assets:US:BofA:Checking                         -452.69 USD

2022-03-11 * "Rose Flower" "Eating out with Julie"
  Liabilities:US:Chase:Slate                       -20.53 USD
  Expenses:Food:Restaurant                          20.53 USD

2022-03-11 * "Onion Market" "Buying groceries"
  Liabilities:US:Chase:Slate                       -74.76 USD
  Expenses:Food:Groceries                           74.76 USD

2022-03-12 * "Kin Soy" "Eating out "
  Liabilities:US:Chase:Slate                       -22.16 USD
  Expenses:Food:Restaurant                          22.16 USD

2022-03-16 * "Kin Soy" "Eating out alone"
  Liabilities:US:Chase:Slate                       -28.92 USD
  Expenses:Food:Restaurant                          28.92 USD

2022-03-16 * "Good Moods Market" "Buying groceries"
  Liabilities:US:Chase:Slate                       -83.98 USD
  Expenses:Food:Groceries                           83.98 USD

2022-03-17 balance Liabilities:US:Chase:Slate     -230.35 USD

2022-03-18 * "China Garden" "Eating out alone"
  Liabilities:US:Chase:Slate                       -21.74 USD
  Expenses:Food:Restaurant                          21.74 USD

2022-03-23 * "Uncle Boons" "Eating out with work buddies"
  Liabilities:US:Chase:Slate                       -20.19 USD
  Expenses:Food:Restaurant                          20.19 USD

2022-03-25 * "Goba Goba" "Eating out with Julie"
  Liabilities:US:Chase:Slate                       -21.64 USD
  Expenses:Food:Restaurant                          21.64 USD

2022-03-25 * "Metro Transport Authority" "Tram tickets"
  Liabilities:US:Chase:Slate                      -120.00 USD
  Expenses:Transport:Tram                          120.00 USD

2022-03-27 * "Uncle Boons" "Eating out with Natasha"
  Liabilities:US:Chase:Slate                       -37.74 USD
  Expenses:Food:Restaurant                          37.74 USD

2022-03-29 * "Rose Flower" "Eating out with Bill"
  Liabilities:US:Chase:Slate                       -24.03 USD
  Expenses:Food:Restaurant                          24.03 USD

2022-04-01 * "Rose Flower" "Eating out with work buddies"
  Liabilities:US:Chase:Slate                       -44.22 USD
  Expenses:Food:Restaurant                          44.22 USD

2022-04-05 * "Uncle Boons" "Eating out "
  Liabilities:US:Chase:Slate                       -29.33 USD
  Expenses:Food:Restaurant                          29.33 USD

2022-04-05 * "Farmer Fresh" "Buying groceries"
  Liabilities:US:Chase:Slate                       -80.64 USD
  Expenses:Food:Groceries                           80.64 USD

2022-04-06 balance Liabilities:US:Chase:Slate     -629.88 USD

2022-04-06 * "Rose Flower" "Eating out with Bill"
  Liabilities:US:Chase:Slate                       -43.60 USD
  Expenses:Food:Restaurant                          43.60 USD

2022-04-08 * "Jewel of Morroco" "Eating out with Julie"
  Liabilities:US:Chase:Slate                       -20.44 USD
  Expenses:Food:Restaurant                          20.44 USD

2022-04-09 * "Chase:Slate" "Paying off credit card"
  Liabilities:US:Chase:Slate                       706.00 USD
  Assets:US:BofA:Checking                         -706.00 USD

2022-04-13 * "Jewel of Morroco" "Eating out with work buddies"
  Liabilities:US:Chase:Slate                       -12.08 USD
  Expenses:Food:Restaurant                          12.08 USD

2022-04-18 * "Kin Soy" "Eating out with Julie"
  Liabilities:US:Chase:Slate                       -37.22 USD
  Expenses:Food:Restaurant                          37.22 USD

2022-04-21 * "Cafe Modagor" "Eating out with Bill"
  Liabilities:US:Chase:Slate                       -34.25 USD
  Expenses:Food:Restaurant                          34.25 USD

2022-04-22 * "Uncle Boons" "Eating out with Joe"
  Liabilities:US:Chase:Slate                       -24.44 USD
  Expenses:Food:Restaurant                          24.44 USD

2022-04-23 * "Good Moods Market" "Buying groceries"
  Liabilities:US:Chase:Slate                       -88.32 USD
  Expenses:Food:Groceries                           88.32 USD

2022-04-24 * "Cafe Modagor" "Eating out with Julie"
  Liabilities:US:Chase:Slate                       -24.43 USD
  Expenses:Food:Restaurant                          24.43 USD

2022-04-26 * "Metro Transport Authority" "Tram tickets"
  Liabilities:US:Chase:Slate                      -120.00 USD
  Expenses:Transport:Tram                          120.00 USD

2022-04-27 * "Jewel of Morroco" "Eating out with Natasha"
  Liabilities:US:Chase:Slate                       -51.17 USD
  Expenses:Food:Restaurant                          51.17 USD

2022-05-02 * "Goba Goba" "Eating out with Natasha"
  Liabilities:US:Chase:Slate                       -23.96 USD
  Expenses:Food:Restaurant                          23.96 USD

2022-05-03 * "Uncle Boons" "Eating out "
  Liabilities:US:Chase:Slate                       -21.45 USD
  Expenses:Food:Restaurant                          21.45 USD

2022-05-04 * "Uncle Boons" "Eating out "
  Liabilities:US:Chase:Slate                       -29.08 USD
  Expenses:Food:Restaurant                          29.08 USD

2022-05-05 balance Liabilities:US:Chase:Slate     -454.32 USD

2022-05-06 * "Onion Market" "Buying groceries"
  Liabilities:US:Chase:Slate                       -63.54 USD
  Expenses:Food:Groceries                           63.54 USD

2022-05-08 * "Rose Flower" "Eating out with Natasha"
  Liabilities:US:Chase:Slate                       -27.98 USD
  Expenses:Food:Restaurant                          27.98 USD

2022-05-10 * "Rose Flower" "Eating out with Bill"
  Liabilities:US:Chase:Slate                       -86.84 USD
  Expenses:Food:Restaurant                          86.84 USD

2022-05-11 * "Chase:Slate" "Paying off credit card"
  Liabilities:US:Chase:Slate                       663.40 USD
  Assets:US:BofA:Checking                         -663.40 USD

2022-05-14 * "Goba Goba" "Eating out alone"
  Liabilities:US:Chase:Slate                       -30.72 USD
  Expenses:Food:Restaurant                          30.72 USD

2022-05-18 * "China Garden" "Eating out after work"
  Liabilities:US:Chase:Slate                       -55.52 USD
  Expenses:Food:Restaurant                          55.52 USD

2022-05-19 * "Uncle Boons" "Eating out alone"
  Liabilities:US:Chase:Slate                       -43.49 USD
  Expenses:Food:Restaurant                          43.49 USD

2022-05-20 * "Onion Market" "Buying groceries"
  Liabilities:US:Chase:Slate                      -111.40 USD
  Expenses:Food:Groceries                          111.40 USD

2022-05-24 * "Rose Flower" "Eating out "
  Liabilities:US:Chase:Slate                       -24.69 USD
  Expenses:Food:Restaurant                          24.69 USD

2022-05-25 * "Metro Transport Authority" "Tram tickets"
  Liabilities:US:Chase:Slate                      -120.00 USD
  Expenses:Transport:Tram                          120.00 USD

2022-05-27 balance Liabilities:US:Chase:Slate     -355.10 USD

2022-05-28 * "Chichipotle" "Eating out "
  Liabilities:US:Chase:Slate                       -15.76 USD
  Expenses:Food:Restaurant                          15.76 USD

2022-05-29 * "Chichipotle" "Eating out "
  Liabilities:US:Chase:Slate                       -18.99 USD
  Expenses:Food:Restaurant                          18.99 USD

2022-05-30 * "Rose Flower" "Eating out alone"
  Liabilities:US:Chase:Slate                       -61.47 USD
  Expenses:Food:Restaurant                          61.47 USD

2022-05-31 * "Uncle Boons" "Eating out alone"
  Liabilities:US:Chase:Slate                       -33.87 USD
  Expenses:Food:Restaurant                          33.87 USD

2022-06-01 * "Onion Market" "Buying groceries"
  Liabilities:US:Chase:Slate                       -57.55 USD
  Expenses:Food:Groceries                           57.55 USD

2022-06-04 * "Goba Goba" "Eating out with Natasha"
  Liabilities:US:Chase:Slate                       -31.79 USD
  Expenses:Food:Restaurant                          31.79 USD

2022-06-07 * "Rose Flower" "Eating out with work buddies"
  Liabilities:US:Chase:Slate                       -17.75 USD
  Expenses:Food:Restaurant                          17.75 USD

2022-06-10 * "Goba Goba" "Eating out "
  Liabilities:US:Chase:Slate                       -52.46 USD
  Expenses:Food:Restaurant                          52.46 USD

2022-06-11 * "Chase:Slate" "Paying off credit card"
  Liabilities:US:Chase:Slate                       674.25 USD
  Assets:US:BofA:Checking                         -674.25 USD

2022-06-15 * "Jewel of Morroco" "Eating out "
  Liabilities:US:Chase:Slate                       -29.51 USD
  Expenses:Food:Restaurant                          29.51 USD

2022-06-15 * "Onion Market" "Buying groceries"
  Liabilities:US:Chase:Slate                       -99.55 USD
  Expenses:Food:Groceries                           99.55 USD

2022-06-18 * "Rose Flower" "Eating out after work"
  Liabilities:US:Chase:Slate                       -22.35 USD
  Expenses:Food:Restaurant                          22.35 USD

2022-06-20 balance Liabilities:US:Chase:Slate     -121.90 USD

2022-06-20 * "Farmer Fresh" "Buying groceries"
  Liabilities:US:Chase:Slate                      -109.45 USD
  Expenses:Food:Groceries                          109.45 USD

2022-06-21 * "Metro Transport Authority" "Tram tickets"
  Liabilities:US:Chase:Slate                      -120.00 USD
  Expenses:Transport:Tram                          120.00 USD

2022-06-22 * "Goba Goba" "Eating out "
  Liabilities:US:Chase:Slate                       -63.95 USD
  Expenses:Food:Restaurant                          63.95 USD

2022-06-23 * "Cafe Modagor" "Eating out "
  Liabilities:US:Chase:Slate                       -26.35 USD
  Expenses:Food:Restaurant                          26.35 USD

2022-06-24 * "Goba Goba" "Eating out with Natasha"
  Liabilities:US:Chase:Slate                       -39.00 USD
  Expenses:Food:Restaurant                          39.00 USD

2022-06-28 * "Jewel of Morroco" "Eating out with Natasha"
  Liabilities:US:Chase:Slate                       -39.16 USD
  Expenses:Food:Restaurant                          39.16 USD

2022-07-01 * "Rose Flower" "Eating out with Natasha"
  Liabilities:US:Chase:Slate                       -26.55 USD
  Expenses:Food:Restaurant                          26.55 USD

2022-07-03 * "Cafe Modagor" "Eating out alone"
  Liabilities:US:Chase:Slate                       -95.11 USD
  Expenses:Food:Restaurant                          95.11 USD

2022-07-04 * "Chichipotle" "Eating out with Bill"
  Liabilities:US:Chase:Slate                       -55.30 USD
  Expenses:Food:Restaurant                          55.30 USD

2022-07-06 * "Corner Deli" "Buying groceries"
  Liabilities:US:Chase:Slate                       -83.91 USD
  Expenses:Food:Groceries                           83.91 USD

2022-07-07 * "Jewel of Morroco" "Eating out with Bill"
  Liabilities:US:Chase:Slate                       -40.15 USD
  Expenses:Food:Restaurant                          40.15 USD

2022-07-09 * "Goba Goba" "Eating out with Bill"
  Liabilities:US:Chase:Slate                       -31.54 USD
  Expenses:Food:Restaurant                          31.54 USD

2022-07-10 * "Chichipotle" "Eating out with Bill"
  Liabilities:US:Chase:Slate                       -33.94 USD
  Expenses:Food:Restaurant                          33.94 USD

2022-07-11 * "Chase:Slate" "Paying off credit card"
  Liabilities:US:Chase:Slate                       915.24 USD
  Assets:US:BofA:Checking                         -915.24 USD

2022-07-12 balance Liabilities:US:Chase:Slate       28.93 USD

2022-07-12 * "Rose Flower" "Eating out "
  Liabilities:US:Chase:Slate                       -28.93 USD
  Expenses:Food:Restaurant                          28.93 USD

2022-07-15 * "China Garden" "Eating out with work buddies"
  Liabilities:US:Chase:Slate                       -34.74 USD
  Expenses:Food:Restaurant                          34.74 USD

2022-07-16 * "Onion Market" "Buying groceries"
  Liabilities:US:Chase:Slate                       -63.53 USD
  Expenses:Food:Groceries                           63.53 USD

2022-07-19 * "Kin Soy" "Eating out alone"
  Liabilities:US:Chase:Slate                       -38.28 USD
  Expenses:Food:Restaurant                          38.28 USD

2022-07-21 * "Onion Market" "Buying groceries"
  Liabilities:US:Chase:Slate                       -70.24 USD
  Expenses:Food:Groceries                           70.24 USD

2022-07-21 * "Metro Transport Authority" "Tram tickets"
  Liabilities:US:Chase:Slate                      -120.00 USD
  Expenses:Transport:Tram                          120.00 USD

2022-07-23 * "Uncle Boons" "Eating out with work buddies"
  Liabilities:US:Chase:Slate                       -19.28 USD
  Expenses:Food:Restaurant                          19.28 USD

2022-07-24 * "Chichipotle" "Eating out with work buddies"
  Liabilities:US:Chase:Slate                       -20.90 USD
  Expenses:Food:Restaurant                          20.90 USD

2022-07-26 * "Kin Soy" "Eating out with work buddies"
  Liabilities:US:Chase:Slate                       -33.66 USD
  Expenses:Food:Restaurant                          33.66 USD

2022-07-28 * "Rose Flower" "Eating out with work buddies"
  Liabilities:US:Chase:Slate                       -75.54 USD
  Expenses:Food:Restaurant                          75.54 USD

2022-08-01 * "Cafe Modagor" "Eating out with work buddies"
  Liabilities:US:Chase:Slate                       -18.00 USD
  Expenses:Food:Restaurant                          18.00 USD

2022-08-03 * "Farmer Fresh" "Buying groceries"
  Liabilities:US:Chase:Slate                      -100.26 USD
  Expenses:Food:Groceries                          100.26 USD

2022-08-04 * "China Garden" "Eating out with work buddies"
  Liabilities:US:Chase:Slate                       -36.97 USD
  Expenses:Food:Restaurant                          36.97 USD

2022-08-06 * "Uncle Boons" "Eating out after work"
  Liabilities:US:Chase:Slate                       -11.44 USD
  Expenses:Food:Restaurant                          11.44 USD

2022-08-07 * "Jewel of Morroco" "Eating out after work"
  Liabilities:US:Chase:Slate                       -29.29 USD
  Expenses:Food:Restaurant                          29.29 USD

2022-08-07 * "Chase:Slate" "Paying off credit card"
  Liabilities:US:Chase:Slate                       672.13 USD
  Assets:US:BofA:Checking                         -672.13 USD

2022-08-08 * "Jewel of Morroco" "Eating out after work"
  Liabilities:US:Chase:Slate                       -31.43 USD
  Expenses:Food:Restaurant                          31.43 USD

2022-08-09 balance Liabilities:US:Chase:Slate      -31.43 USD

2022-08-09 * "China Garden" "Eating out with Julie"
  Liabilities:US:Chase:Slate                       -37.76 USD
  Expenses:Food:Restaurant                          37.76 USD

2022-08-10 * "Jewel of Morroco" "Eating out with Natasha"
  Liabilities:US:Chase:Slate                       -35.77 USD
  Expenses:Food:Restaurant                          35.77 USD

2022-08-12 * "Chichipotle" "Eating out after work"
  Liabilities:US:Chase:Slate                       -20.13 USD
  Expenses:Food:Restaurant                          20.13 USD

2022-08-17 * "Jewel of Morroco" "Eating out with Natasha"
  Liabilities:US:Chase:Slate                       -24.12 USD
  Expenses:Food:Restaurant                          24.12 USD

2022-08-21 * "Rose Flower" "Eating out after work"
  Liabilities:US:Chase:Slate                      -112.30 USD
  Expenses:Food:Restaurant                         112.30 USD

2022-08-22 * "Good Moods Market" "Buying groceries"
  Liabilities:US:Chase:Slate                       -80.41 USD
  Expenses:Food:Groceries                           80.41 USD

2022-08-23 * "Cafe Modagor" "Eating out after work"
  Liabilities:US:Chase:Slate                       -13.53 USD
  Expenses:Food:Restaurant                          13.53 USD

2022-08-23 * "Metro Transport Authority" "Tram tickets"
  Liabilities:US:Chase:Slate                      -120.00 USD
  Expenses:Transport:Tram                          120.00 USD

2022-08-28 * "Jewel of Morroco" "Eating out with work buddies"
  Liabilities:US:Chase:Slate                       -65.88 USD
  Expenses:Food:Restaurant                          65.88 USD

2022-08-30 * "Rose Flower" "Eating out with Joe"
  Liabilities:US:Chase:Slate                       -38.45 USD
  Expenses:Food:Restaurant                          38.45 USD

2022-09-02 * "Kin Soy" "Eating out with Natasha"
  Liabilities:US:Chase:Slate                       -24.46 USD
  Expenses:Food:Restaurant                          24.46 USD

2022-09-05 balance Liabilities:US:Chase:Slate     -604.24 USD

2022-09-07 * "China Garden" "Eating out with Bill"
  Liabilities:US:Chase:Slate                       -23.14 USD
  Expenses:Food:Restaurant                          23.14 USD

2022-09-07 * "Good Moods Market" "Buying groceries"
  Liabilities:US:Chase:Slate                      -137.91 USD
  Expenses:Food:Groceries                          137.91 USD

2022-09-10 * "Chase:Slate" "Paying off credit card"
  Liabilities:US:Chase:Slate                       787.87 USD
  Assets:US:BofA:Checking                         -787.87 USD

2022-09-12 * "Goba Goba" "Eating out with Natasha"
  Liabilities:US:Chase:Slate                       -22.58 USD
  Expenses:Food:Restaurant                          22.58 USD

2022-09-12 * "Good Moods Market" "Buying groceries"
  Liabilities:US:Chase:Slate                       -64.35 USD
  Expenses:Food:Groceries                           64.35 USD

2022-09-13 * "China Garden" "Eating out with Joe"
  Liabilities:US:Chase:Slate                       -20.13 USD
  Expenses:Food:Restaurant                          20.13 USD

2022-09-15 * "Cafe Modagor" "Eating out with Natasha"
  Liabilities:US:Chase:Slate                       -24.89 USD
  Expenses:Food:Restaurant                          24.89 USD

2022-09-19 * "Cafe Modagor" "Eating out "
  Liabilities:US:Chase:Slate                       -28.35 USD
  Expenses:Food:Restaurant                          28.35 USD

2022-09-19 * "Metro Transport Authority" "Tram tickets"
  Liabilities:US:Chase:Slate                      -120.00 USD
  Expenses:Transport:Tram                          120.00 USD

2022-09-22 * "Farmer Fresh" "Buying groceries"
  Liabilities:US:Chase:Slate                      -105.48 USD
  Expenses:Food:Groceries                          105.48 USD

2022-09-24 * "Uncle Boons" "Eating out "
  Liabilities:US:Chase:Slate                       -18.14 USD
  Expenses:Food:Restaurant                          18.14 USD

2022-09-25 * "Jewel of Morroco" "Eating out with Natasha"
  Liabilities:US:Chase:Slate                       -16.69 USD
  Expenses:Food:Restaurant                          16.69 USD

2022-09-29 * "China Garden" "Eating out with Bill"
  Liabilities:US:Chase:Slate                       -39.12 USD
  Expenses:Food:Restaurant                          39.12 USD

2022-09-30 balance Liabilities:US:Chase:Slate     -437.15 USD

2022-09-30 * "China Garden" "Eating out alone"
  Liabilities:US:Chase:Slate                       -15.02 USD
  Expenses:Food:Restaurant                          15.02 USD

2022-10-04 * "Corner Deli" "Buying groceries"
  Liabilities:US:Chase:Slate                       -69.73 USD
  Expenses:Food:Groceries                           69.73 USD

2022-10-05 * "Jewel of Morroco" "Eating out with Natasha"
  Liabilities:US:Chase:Slate                       -31.19 USD
  Expenses:Food:Restaurant                          31.19 USD

2022-10-06 * "Kin Soy" "Eating out alone"
  Liabilities:US:Chase:Slate                       -60.59 USD
  Expenses:Food:Restaurant                          60.59 USD

2022-10-08 * "Chase:Slate" "Paying off credit card"
  Liabilities:US:Chase:Slate                       661.23 USD
  Assets:US:BofA:Checking                         -661.23 USD

2022-10-10 * "Jewel of Morroco" "Eating out alone"
  Liabilities:US:Chase:Slate                       -47.55 USD
  Expenses:Food:Restaurant                          47.55 USD

2022-10-11 * "China Garden" "Eating out with Bill"
  Liabilities:US:Chase:Slate                       -24.82 USD
  Expenses:Food:Restaurant                          24.82 USD

2022-10-15 * "Rose Flower" "Eating out after work"
  Liabilities:US:Chase:Slate                       -72.50 USD
  Expenses:Food:Restaurant                          72.50 USD

2022-10-16 * "Rose Flower" "Eating out with work buddies"
  Liabilities:US:Chase:Slate                       -18.36 USD
  Expenses:Food:Restaurant                          18.36 USD

2022-10-17 * "Onion Market" "Buying groceries"
  Liabilities:US:Chase:Slate                      -112.67 USD
  Expenses:Food:Groceries                          112.67 USD

2022-10-18 * "Metro Transport Authority" "Tram tickets"
  Liabilities:US:Chase:Slate                      -120.00 USD
  Expenses:Transport:Tram                          120.00 USD

2022-10-21 * "Kin Soy" "Eating out with Bill"
  Liabilities:US:Chase:Slate                       -25.94 USD
  Expenses:Food:Restaurant                          25.94 USD

2022-10-25 * "China Garden" "Eating out with Natasha"
  Liabilities:US:Chase:Slate                       -24.19 USD
  Expenses:Food:Restaurant                          24.19 USD

2022-10-27 balance Liabilities:US:Chase:Slate     -398.48 USD

2022-10-27 * "Farmer Fresh" "Buying groceries"
  Liabilities:US:Chase:Slate                       -61.85 USD
  Expenses:Food:Groceries                           61.85 USD

2022-10-28 * "Rose Flower" "Eating out with work buddies"
  Liabilities:US:Chase:Slate                       -39.20 USD
  Expenses:Food:Restaurant                          39.20 USD

2022-10-29 * "China Garden" "Eating out after work"
  Liabilities:US:Chase:Slate                       -14.20 USD
  Expenses:Food:Restaurant                          14.20 USD

2022-10-30 * "Cafe Modagor" "Eating out with Bill"
  Liabilities:US:Chase:Slate                       -23.16 USD
  Expenses:Food:Restaurant                          23.16 USD

2022-10-31 * "Jewel of Morroco" "Eating out "
  Liabilities:US:Chase:Slate                       -16.39 USD
  Expenses:Food:Restaurant                          16.39 USD

2022-11-03 * "Cafe Modagor" "Eating out with Joe"
  Liabilities:US:Chase:Slate                       -21.22 USD
  Expenses:Food:Restaurant                          21.22 USD

2022-11-03 * "Farmer Fresh" "Buying groceries"
  Liabilities:US:Chase:Slate                       -95.64 USD
  Expenses:Food:Groceries                           95.64 USD

2022-11-05 * "Uncle Boons" "Eating out "
  Liabilities:US:Chase:Slate                       -16.08 USD
  Expenses:Food:Restaurant                          16.08 USD

2022-11-08 * "Corner Deli" "Buying groceries"
  Liabilities:US:Chase:Slate                       -73.61 USD
  Expenses:Food:Groceries                           73.61 USD

2022-11-09 * "Kin Soy" "Eating out with Natasha"
  Liabilities:US:Chase:Slate                       -29.47 USD
  Expenses:Food:Restaurant                          29.47 USD

2022-11-10 * "Chase:Slate" "Paying off credit card"
  Liabilities:US:Chase:Slate                       817.33 USD
  Assets:US:BofA:Checking                         -817.33 USD

2022-11-12 * "Chichipotle" "Eating out with work buddies"
  Liabilities:US:Chase:Slate                       -28.03 USD
  Expenses:Food:Restaurant                          28.03 USD

2022-11-13 * "Rose Flower" "Eating out "
  Liabilities:US:Chase:Slate                       -38.85 USD
  Expenses:Food:Restaurant                          38.85 USD

2022-11-17 * "China Garden" "Eating out with Natasha"
  Liabilities:US:Chase:Slate                       -20.85 USD
  Expenses:Food:Restaurant                          20.85 USD

2022-11-18 balance Liabilities:US:Chase:Slate      -59.70 USD

2022-11-20 * "Good Moods Market" "Buying groceries"
  Liabilities:US:Chase:Slate                       -76.88 USD
  Expenses:Food:Groceries                           76.88 USD

2022-11-20 * "Metro Transport Authority" "Tram tickets"
  Liabilities:US:Chase:Slate                      -120.00 USD
  Expenses:Transport:Tram                          120.00 USD

2022-11-21 * "Jewel of Morroco" "Eating out alone"
  Liabilities:US:Chase:Slate                       -54.32 USD
  Expenses:Food:Restaurant                          54.32 USD

2022-11-24 * "Chichipotle" "Eating out after work"
  Liabilities:US:Chase:Slate                       -16.24 USD
  Expenses:Food:Restaurant                          16.24 USD

2022-11-25 * "Jewel of Morroco" "Eating out with Natasha"
  Liabilities:US:Chase:Slate                       -28.56 USD
  Expenses:Food:Restaurant                          28.56 USD

2022-11-29 * "Cafe Modagor" "Eating out with Julie"
  Liabilities:US:Chase:Slate                       -12.48 USD
  Expenses:Food:Restaurant                          12.48 USD

2022-12-02 * "Goba Goba" "Eating out with work buddies"
  Liabilities:US:Chase:Slate                       -33.78 USD
  Expenses:Food:Restaurant                          33.78 USD

2022-12-02 * "Corner Deli" "Buying groceries"
  Liabilities:US:Chase:Slate                       -97.67 USD
  Expenses:Food:Groceries                           97.67 USD

2022-12-04 * "Cafe Modagor" "Eating out with Bill"
  Liabilities:US:Chase:Slate                       -22.95 USD
  Expenses:Food:Restaurant                          22.95 USD

2022-12-07 * "Corner Deli" "Buying groceries"
  Liabilities:US:Chase:Slate                       -96.44 USD
  Expenses:Food:Groceries                           96.44 USD

2022-12-08 * "Chichipotle" "Eating out after work"
  Liabilities:US:Chase:Slate                       -28.32 USD
  Expenses:Food:Restaurant                          28.32 USD

2022-12-09 balance Liabilities:US:Chase:Slate     -647.34 USD

2022-12-09 * "Chase:Slate" "Paying off credit card"
  Liabilities:US:Chase:Slate                       675.66 USD
  Assets:US:BofA:Checking                         -675.66 USD

2022-12-11 * "Rose Flower" "Eating out after work"
  Liabilities:US:Chase:Slate                       -28.32 USD
  Expenses:Food:Restaurant                          28.32 USD

2022-12-15 * "Corner Deli" "Buying groceries"
  Liabilities:US:Chase:Slate                       -31.57 USD
  Expenses:Food:Groceries                           31.57 USD

2022-12-16 * "Rose Flower" "Eating out after work"
  Liabilities:US:Chase:Slate                       -17.30 USD
  Expenses:Food:Restaurant                          17.30 USD

2022-12-19 event "location" "New York"

2022-12-21 * "La Colombe" "" #trip-new-york-2022
  Liabilities:US:Chase:Slate                        -6.04 USD
  Expenses:Food:Coffee                               6.04 USD

2022-12-22 * "Takahachi" "" #trip-new-york-2022
  Liabilities:US:Chase:Slate                       -52.67 USD
  Expenses:Food:Restaurant                          52.67 USD

2022-12-23 * "Uncle Boons" "" #trip-new-york-2022
  Liabilities:US:Chase:Slate                       -46.58 USD
  Expenses:Food:Restaurant                          46.58 USD

2022-12-23 * "Cafe Select" "" #trip-new-york-2022
  Liabilities:US:Chase:Slate                       -25.14 USD
  Expenses:Food:Restaurant                          25.14 USD

2022-12-23 * "La Colombe" "" #trip-new-york-2022
  Liabilities:US:Chase:Slate                        -5.43 USD
  Expenses:Food:Coffee                               5.43 USD

2022-12-24 * "La Colombe" "" #trip-new-york-2022
  Liabilities:US:Chase:Slate                        -6.62 USD
  Expenses:Food:Coffee                               6.62 USD

2022-12-25 * "Takahachi" "" #trip-new-york-2022
  Liabilities:US:Chase:Slate                       -46.05 USD
  Expenses:Food:Restaurant                          46.05 USD

2022-12-26 * "Takahachi" "" #trip-new-york-2022
  Liabilities:US:Chase:Slate                       -47.75 USD
  Expenses:Food:Restaurant                          47.75 USD

2022-12-26 * "Gimme! Coffee" "" #trip-new-york-2022
  Liabilities:US:Chase:Slate                        -8.33 USD
  Expenses:Food:Coffee                               8.33 USD

2022-12-27 * "Uncle Boons" "" #trip-new-york-2022
  Liabilities:US:Chase:Slate                       -43.91 USD
  Expenses:Food:Restaurant                          43.91 USD

2022-12-27 * "Cafe Select" "" #trip-new-york-2022
  Liabilities:US:Chase:Slate                       -29.81 USD
  Expenses:Food:Restaurant                          29.81 USD

2022-12-27 * "Takahachi" "" #trip-new-york-2022
  Liabilities:US:Chase:Slate                       -53.66 USD
  Expenses:Food:Restaurant                          53.66 USD

2022-12-28 * "Uncle Boons" "" #trip-new-york-2022
  Liabilities:US:Chase:Slate                       -37.99 USD
  Expenses:Food:Restaurant                          37.99 USD

2022-12-28 * "Cafe Select" "" #trip-new-york-2022
  Liabilities:US:Chase:Slate                       -36.87 USD
  Expenses:Food:Restaurant                          36.87 USD

2022-12-28 * "Gimme! Coffee" "" #trip-new-york-2022
  Liabilities:US:Chase:Slate                        -6.12 USD
  Expenses:Food:Coffee                               6.12 USD

2022-12-29 * "Uncle Boons" "" #trip-new-york-2022
  Liabilities:US:Chase:Slate                       -36.05 USD
  Expenses:Food:Restaurant                          36.05 USD

2022-12-29 * "Laut" "" #trip-new-york-2022
  Liabilities:US:Chase:Slate                       -35.74 USD
  Expenses:Food:Restaurant                          35.74 USD

2022-12-29 * "Gimme! Coffee" "" #trip-new-york-2022
  Liabilities:US:Chase:Slate                        -5.29 USD
  Expenses:Food:Coffee                               5.29 USD

2022-12-30 * "Cafe Select" "" #trip-new-york-2022
  Liabilities:US:Chase:Slate                       -36.15 USD
  Expenses:Food:Restaurant                          36.15 USD

2022-12-30 * "Laut" "" #trip-new-york-2022
  Liabilities:US:Chase:Slate                       -33.51 USD
  Expenses:Food:Restaurant                          33.51 USD

2022-12-30 * "Gimme! Coffee" "" #trip-new-york-2022
  Liabilities:US:Chase:Slate                       -11.71 USD
  Expenses:Food:Coffee                              11.71 USD

2022-12-31 * "Laut" "" #trip-new-york-2022
  Liabilities:US:Chase:Slate                       -31.47 USD
  Expenses:Food:Restaurant                          31.47 USD

2023-01-01 * "Uncle Boons" "" #trip-new-york-2022
  Liabilities:US:Chase:Slate                       -50.01 USD
  Expenses:Food:Restaurant                          50.01 USD

2023-01-01 * "Takahachi" "" #trip-new-york-2022
  Liabilities:US:Chase:Slate                       -39.10 USD
  Expenses:Food:Restaurant                          39.10 USD

2023-01-02 * "Laut" "" #trip-new-york-2022
  Liabilities:US:Chase:Slate                       -31.41 USD
  Expenses:Food:Restaurant                          31.41 USD

2023-01-03 balance Liabilities:US:Chase:Slate     -812.28 USD

2023-01-03 * "Uncle Boons" "" #trip-new-york-2022
  Liabilities:US:Chase:Slate                       -40.29 USD
  Expenses:Food:Restaurant                          40.29 USD

2023-01-03 * "Gimme! Coffee" "" #trip-new-york-2022
  Liabilities:US:Chase:Slate                        -8.12 USD
  Expenses:Food:Coffee                               8.12 USD

2023-01-04 * "Takahachi" "" #trip-new-york-2022
  Liabilities:US:Chase:Slate                       -56.48 USD
  Expenses:Food:Restaurant                          56.48 USD

2023-01-05 * "Takahachi" "" #trip-new-york-2022
  Liabilities:US:Chase:Slate                       -48.86 USD
  Expenses:Food:Restaurant                          48.86 USD

2023-01-05 * "Laut" "" #trip-new-york-2022
  Liabilities:US:Chase:Slate                       -34.78 USD
  Expenses:Food:Restaurant                          34.78 USD

2023-01-05 * "La Colombe" "" #trip-new-york-2022
  Liabilities:US:Chase:Slate                        -6.50 USD
  Expenses:Food:Coffee                               6.50 USD

2023-01-07 * "Cafe Select" "" #trip-new-york-2022
  Liabilities:US:Chase:Slate                       -21.36 USD
  Expenses:Food:Restaurant                          21.36 USD

2023-01-07 * "Laut" "" #trip-new-york-2022
  Liabilities:US:Chase:Slate                       -33.55 USD
  Expenses:Food:Restaurant                          33.55 USD

2023-01-07 * "La Colombe" "" #trip-new-york-2022
  Liabilities:US:Chase:Slate                        -5.03 USD
  Expenses:Food:Coffee                               5.03 USD

2023-01-08 * "Jewel of Morroco" "Eating out after work"
  Liabilities:US:Chase:Slate                       -87.14 USD
  Expenses:Food:Restaurant                          87.14 USD

2023-01-08 * "Takahachi" "" #trip-new-york-2022
  Liabilities:US:Chase:Slate                       -38.13 USD
  Expenses:Food:Restaurant                          38.13 USD

2023-01-08 * "Consume vacation days"
  Assets:US:Hooli:Vacation                           -160 VACHR
  Expenses:Vacation                                   160 VACHR

2023-01-08 event "location" "New Metropolis"

2023-01-10 * "Cafe Modagor" "Eating out alone"
  Liabilities:US:Chase:Slate                       -59.92 USD
  Expenses:Food:Restaurant                          59.92 USD

2023-01-10 * "Chase:Slate" "Paying off credit card"
  Liabilities:US:Chase:Slate                       195.93 USD
  Assets:US:BofA:Checking                         -195.93 USD

2023-01-15 * "Kin Soy" "Eating out after work"
  Liabilities:US:Chase:Slate                       -25.80 USD
  Expenses:Food:Restaurant                          25.80 USD

2023-01-16 * "Onion Market" "Buying groceries"
  Liabilities:US:Chase:Slate                       -88.59 USD
  Expenses:Food:Groceries                           88.59 USD

2023-01-19 * "Rose Flower" "Eating out after work"
  Liabilities:US:Chase:Slate                       -21.34 USD
  Expenses:Food:Restaurant                          21.34 USD

2023-01-19 * "Metro Transport Authority" "Tram tickets"
  Liabilities:US:Chase:Slate                      -120.00 USD
  Expenses:Transport:Tram                          120.00 USD

2023-01-24 * "Goba Goba" "Eating out with Bill"
  Liabilities:US:Chase:Slate                       -19.87 USD
  Expenses:Food:Restaurant                          19.87 USD

2023-01-28 * "Chichipotle" "Eating out with work buddies"
  Liabilities:US:Chase:Slate                       -18.21 USD
  Expenses:Food:Restaurant                          18.21 USD

2023-01-31 balance Liabilities:US:Chase:Slate    -1350.32 USD

2023-02-01 * "Kin Soy" "Eating out after work"
  Liabilities:US:Chase:Slate                       -23.52 USD
  Expenses:Food:Restaurant                          23.52 USD

2023-02-03 * "Corner Deli" "Buying groceries"
  Liabilities:US:Chase:Slate                       -87.02 USD
  Expenses:Food:Groceries                           87.02 USD

2023-02-06 * "Jewel of Morroco" "Eating out alone"
  Liabilities:US:Chase:Slate                       -56.10 USD
  Expenses:Food:Restaurant                          56.10 USD

2023-02-08 * "Chichipotle" "Eating out after work"
  Liabilities:US:Chase:Slate                       -21.45 USD
  Expenses:Food:Restaurant                          21.45 USD

2023-02-08 * "Chase:Slate" "Paying off credit card"
  Liabilities:US:Chase:Slate                       481.90 USD
  Assets:US:BofA:Checking                         -481.90 USD

2023-02-13 * "Goba Goba" "Eating out with work buddies"
  Liabilities:US:Chase:Slate                       -30.38 USD
  Expenses:Food:Restaurant                          30.38 USD

2023-02-17 * "Chichipotle" "Eating out after work"
  Liabilities:US:Chase:Slate                       -13.32 USD
  Expenses:Food:Restaurant                          13.32 USD

2023-02-18 * "Kin Soy" "Eating out alone"
  Liabilities:US:Chase:Slate                       -27.20 USD
  Expenses:Food:Restaurant                          27.20 USD

2023-02-18 * "Corner Deli" "Buying groceries"
  Liabilities:US:Chase:Slate                      -109.72 USD
  Expenses:Food:Groceries                          109.72 USD

2023-02-18 * "Metro Transport Authority" "Tram tickets"
  Liabilities:US:Chase:Slate                      -120.00 USD
  Expenses:Transport:Tram                          120.00 USD

2023-02-19 * "China Garden" "Eating out with Bill"
  Liabilities:US:Chase:Slate                       -27.43 USD
  Expenses:Food:Restaurant                          27.43 USD

2023-02-21 * "Chichipotle" "Eating out with Joe"
  Liabilities:US:Chase:Slate                       -26.78 USD
  Expenses:Food:Restaurant                          26.78 USD

2023-02-22 * "Kin Soy" "Eating out with work buddies"
  Liabilities:US:Chase:Slate                       -34.21 USD
  Expenses:Food:Restaurant                          34.21 USD

2023-02-23 * "Chichipotle" "Eating out with Natasha"
  Liabilities:US:Chase:Slate                       -17.44 USD
  Expenses:Food:Restaurant                          17.44 USD

2023-02-24 * "Rose Flower" "Eating out with Julie"
  Liabilities:US:Chase:Slate                       -47.91 USD
  Expenses:Food:Restaurant                          47.91 USD

2023-02-26 balance Liabilities:US:Chase:Slate    -1510.90 USD

2023-02-26 * "Cafe Modagor" "Eating out after work"
  Liabilities:US:Chase:Slate                       -23.64 USD
  Expenses:Food:Restaurant                          23.64 USD

2023-02-27 * "Rose Flower" "Eating out alone"
  Liabilities:US:Chase:Slate                       -59.92 USD
  Expenses:Food:Restaurant                          59.92 USD

2023-03-03 * "Uncle Boons" "Eating out with Joe"
  Liabilities:US:Chase:Slate                       -17.87 USD
  Expenses:Food:Restaurant                          17.87 USD

2023-03-05 * "Good Moods Market" "Buying groceries"
  Liabilities:US:Chase:Slate                       -77.81 USD
  Expenses:Food:Groceries                           77.81 USD

2023-03-06 * "Cafe Modagor" "Eating out after work"
  Liabilities:US:Chase:Slate                       -40.75 USD
  Expenses:Food:Restaurant                          40.75 USD

2023-03-08 * "Goba Goba" "Eating out "
  Liabilities:US:Chase:Slate                       -14.93 USD
  Expenses:Food:Restaurant                          14.93 USD

2023-03-11 * "Chase:Slate" "Paying off credit card"
  Liabilities:US:Chase:Slate                       738.09 USD
  Assets:US:BofA:Checking                         -738.09 USD

2023-03-12 * "Chichipotle" "Eating out with Joe"
  Liabilities:US:Chase:Slate                       -48.78 USD
  Expenses:Food:Restaurant                          48.78 USD

2023-03-13 * "Corner Deli" "Buying groceries"
  Liabilities:US:Chase:Slate                       -66.45 USD
  Expenses:Food:Groceries                           66.45 USD

2023-03-15 * "China Garden" "Eating out with work buddies"
  Liabilities:US:Chase:Slate                       -11.11 USD
  Expenses:Food:Restaurant                          11.11 USD

2023-03-20 balance Liabilities:US:Chase:Slate    -1134.07 USD

2023-03-20 * "Uncle Boons" "Eating out with Joe"
  Liabilities:US:Chase:Slate                       -20.44 USD
  Expenses:Food:Restaurant                          20.44 USD

2023-03-22 * "China Garden" "Eating out with work buddies"
  Liabilities:US:Chase:Slate                       -10.20 USD
  Expenses:Food:Restaurant                          10.20 USD

2023-03-22 * "Metro Transport Authority" "Tram tickets"
  Liabilities:US:Chase:Slate                      -120.00 USD
  Expenses:Transport:Tram                          120.00 USD

2023-03-23 * "Chichipotle" "Eating out alone"
  Liabilities:US:Chase:Slate                       -43.42 USD
  Expenses:Food:Restaurant                          43.42 USD

2023-03-26 * "China Garden" "Eating out with work buddies"
  Liabilities:US:Chase:Slate                       -57.70 USD
  Expenses:Food:Restaurant                          57.70 USD

2023-03-27 * "Goba Goba" "Eating out with work buddies"
  Liabilities:US:Chase:Slate                       -35.61 USD
  Expenses:Food:Restaurant                          35.61 USD

2023-03-30 * "Uncle Boons" "Eating out "
  Liabilities:US:Chase:Slate                       -19.88 USD
  Expenses:Food:Restaurant                          19.88 USD

2023-03-31 * "Good Moods Market" "Buying groceries"
  Liabilities:US:Chase:Slate                       -61.31 USD
  Expenses:Food:Groceries                           61.31 USD

2023-04-04 * "China Garden" "Eating out "
  Liabilities:US:Chase:Slate                       -35.98 USD
  Expenses:Food:Restaurant                          35.98 USD

2023-04-05 * "Rose Flower" "Eating out with Natasha"
  Liabilities:US:Chase:Slate                       -34.56 USD
  Expenses:Food:Restaurant                          34.56 USD

2023-04-09 * "Rose Flower" "Eating out with Bill"
  Liabilities:US:Chase:Slate                       -18.60 USD
  Expenses:Food:Restaurant                          18.60 USD

2023-04-11 * "Chase:Slate" "Paying off credit card"
  Liabilities:US:Chase:Slate                       572.66 USD
  Assets:US:BofA:Checking                         -572.66 USD

2023-04-13 balance Liabilities:US:Chase:Slate    -1019.11 USD

2023-04-14 * "Cafe Modagor" "Eating out with Julie"
  Liabilities:US:Chase:Slate                       -37.40 USD
  Expenses:Food:Restaurant                          37.40 USD

2023-04-17 * "Cafe Modagor" "Eating out with Bill"
  Liabilities:US:Chase:Slate                       -28.38 USD
  Expenses:Food:Restaurant                          28.38 USD

2023-04-19 * "Onion Market" "Buying groceries"
  Liabilities:US:Chase:Slate                       -71.14 USD
  Expenses:Food:Groceries                           71.14 USD

2023-04-20 * "Metro Transport Authority" "Tram tickets"
  Liabilities:US:Chase:Slate                      -120.00 USD
  Expenses:Transport:Tram                          120.00 USD

2023-04-22 * "Kin Soy" "Eating out with Natasha"
  Liabilities:US:Chase:Slate                       -26.21 USD
  Expenses:Food:Restaurant                          26.21 USD

2023-04-23 * "Cafe Modagor" "Eating out with work buddies"
  Liabilities:US:Chase:Slate                       -41.61 USD
  Expenses:Food:Restaurant                          41.61 USD

2023-04-26 * "Uncle Boons" "Eating out "
  Liabilities:US:Chase:Slate                       -35.94 USD
  Expenses:Food:Restaurant                          35.94 USD

2023-04-28 * "Cafe Modagor" "Eating out after work"
  Liabilities:US:Chase:Slate                       -21.58 USD
  Expenses:Food:Restaurant                          21.58 USD

2023-04-29 * "Onion Market" "Buying groceries"
  Liabilities:US:Chase:Slate                       -97.61 USD
  Expenses:Food:Groceries                           97.61 USD

2023-05-01 * "Uncle Boons" "Eating out with Bill"
  Liabilities:US:Chase:Slate                       -41.48 USD
  Expenses:Food:Restaurant                          41.48 USD

2023-05-03 * "Kin Soy" "Eating out with Bill"
  Liabilities:US:Chase:Slate                       -45.47 USD
  Expenses:Food:Restaurant                          45.47 USD

2023-05-04 balance Liabilities:US:Chase:Slate    -1585.93 USD

2023-05-05 * "Goba Goba" "Eating out with Natasha"
  Liabilities:US:Chase:Slate                       -31.84 USD
  Expenses:Food:Restaurant                          31.84 USD

2023-05-06 * "Cafe Modagor" "Eating out with Bill"
  Liabilities:US:Chase:Slate                       -41.35 USD
  Expenses:Food:Restaurant                          41.35 USD

2023-05-07 * "Chase:Slate" "Paying off credit card"
  Liabilities:US:Chase:Slate                       638.53 USD
  Assets:US:BofA:Checking                         -638.53 USD

2023-05-09 * "China Garden" "Eating out with Bill"
  Liabilities:US:Chase:Slate                       -35.92 USD
  Expenses:Food:Restaurant                          35.92 USD

2023-05-10 * "Good Moods Market" "Buying groceries"
  Liabilities:US:Chase:Slate                      -100.18 USD
  Expenses:Food:Groceries                          100.18 USD

2023-05-14 * "Jewel of Morroco" "Eating out with Joe"
  Liabilities:US:Chase:Slate                       -33.79 USD
  Expenses:Food:Restaurant                          33.79 USD

2023-05-15 * "China Garden" "Eating out with Julie"
  Liabilities:US:Chase:Slate                       -30.55 USD
  Expenses:Food:Restaurant                          30.55 USD

2023-05-17 * "Metro Transport Authority" "Tram tickets"
  Liabilities:US:Chase:Slate                      -120.00 USD
  Expenses:Transport:Tram                          120.00 USD

2023-05-18 * "Cafe Modagor" "Eating out with work buddies"
  Liabilities:US:Chase:Slate                       -57.29 USD
  Expenses:Food:Restaurant                          57.29 USD

2023-05-20 * "Uncle Boons" "Eating out with Natasha"
  Liabilities:US:Chase:Slate                       -36.98 USD
  Expenses:Food:Restaurant                          36.98 USD

2023-05-25 * "Goba Goba" "Eating out with Bill"
  Liabilities:US:Chase:Slate                       -38.15 USD
  Expenses:Food:Restaurant                          38.15 USD

2023-05-26 * "Corner Deli" "Buying groceries"
  Liabilities:US:Chase:Slate                       -76.17 USD
  Expenses:Food:Groceries                           76.17 USD

2023-05-29 balance Liabilities:US:Chase:Slate    -1549.62 USD

2023-05-30 * "Rose Flower" "Eating out with Joe"
  Liabilities:US:Chase:Slate                       -44.25 USD
  Expenses:Food:Restaurant                          44.25 USD

2023-05-31 * "Jewel of Morroco" "Eating out with Joe"
  Liabilities:US:Chase:Slate                       -34.96 USD
  Expenses:Food:Restaurant                          34.96 USD

2023-06-04 * "Uncle Boons" "Eating out "
  Liabilities:US:Chase:Slate                       -54.41 USD
  Expenses:Food:Restaurant                          54.41 USD

2023-06-05 * "Good Moods Market" "Buying groceries"
  Liabilities:US:Chase:Slate                       -56.13 USD
  Expenses:Food:Groceries                           56.13 USD

2023-06-06 * "Chichipotle" "Eating out with Natasha"
  Liabilities:US:Chase:Slate                       -58.79 USD
  Expenses:Food:Restaurant                          58.79 USD

2023-06-07 * "Kin Soy" "Eating out after work"
  Liabilities:US:Chase:Slate                       -19.97 USD
  Expenses:Food:Restaurant                          19.97 USD

2023-06-07 * "Chase:Slate" "Paying off credit card"
  Liabilities:US:Chase:Slate                       761.62 USD
  Assets:US:BofA:Checking                         -761.62 USD

2023-06-12 * "Cafe Modagor" "Eating out after work"
  Liabilities:US:Chase:Slate                       -25.09 USD
  Expenses:Food:Restaurant                          25.09 USD

2023-06-13 event "location" "Chicago"

2023-06-14 * "Another Sports Pub" "" #trip-chicago-2023
  Liabilities:US:Chase:Slate                       -10.18 USD
  Expenses:Food:Alcohol                             10.18 USD

2023-06-16 * "25 Degrees Burger Bar" "" #trip-chicago-2023
  Liabilities:US:Chase:Slate                       -18.20 USD
  Expenses:Food:Restaurant                          18.20 USD

2023-06-16 * "Eataly Chicago" "" #trip-chicago-2023
  Liabilities:US:Chase:Slate                       -47.41 USD
  Expenses:Food:Restaurant                          47.41 USD

2023-06-16 * "Argo Tea" "" #trip-chicago-2023
  Liabilities:US:Chase:Slate                        -6.36 USD
  Expenses:Food:Coffee                               6.36 USD

2023-06-17 * "Eataly Chicago" "" #trip-chicago-2023
  Liabilities:US:Chase:Slate                       -33.15 USD
  Expenses:Food:Restaurant                          33.15 USD

2023-06-17 * "Another Sports Pub" "" #trip-chicago-2023
  Liabilities:US:Chase:Slate                        -7.73 USD
  Expenses:Food:Alcohol                              7.73 USD

2023-06-17 * "Argo Tea" "" #trip-chicago-2023
  Liabilities:US:Chase:Slate                        -6.54 USD
  Expenses:Food:Coffee                               6.54 USD

2023-06-18 balance Liabilities:US:Chase:Slate    -1211.17 USD

2023-06-18 * "Star of Siam" "" #trip-chicago-2023
  Liabilities:US:Chase:Slate                       -26.69 USD
  Expenses:Food:Restaurant                          26.69 USD

2023-06-18 * "Mercadito" "" #trip-chicago-2023
  Liabilities:US:Chase:Slate                       -37.57 USD
  Expenses:Food:Restaurant                          37.57 USD

2023-06-18 * "25 Degrees Burger Bar" "" #trip-chicago-2023
  Liabilities:US:Chase:Slate                       -23.85 USD
  Expenses:Food:Restaurant                          23.85 USD

2023-06-18 * "Eataly Chicago" "" #trip-chicago-2023
  Liabilities:US:Chase:Slate                       -48.07 USD
  Expenses:Food:Restaurant                          48.07 USD

2023-06-19 * "Another Sports Pub" "" #trip-chicago-2023
  Liabilities:US:Chase:Slate                       -11.50 USD
  Expenses:Food:Alcohol                             11.50 USD

2023-06-20 * "Star of Siam" "" #trip-chicago-2023
  Liabilities:US:Chase:Slate                       -28.26 USD
  Expenses:Food:Restaurant                          28.26 USD

2023-06-20 * "Mercadito" "" #trip-chicago-2023
  Liabilities:US:Chase:Slate                       -36.73 USD
  Expenses:Food:Restaurant                          36.73 USD

2023-06-20 * "25 Degrees Burger Bar" "" #trip-chicago-2023
  Liabilities:US:Chase:Slate                       -24.03 USD
  Expenses:Food:Restaurant                          24.03 USD

2023-06-20 * "Another Sports Pub" "" #trip-chicago-2023
  Liabilities:US:Chase:Slate                       -12.63 USD
  Expenses:Food:Alcohol                             12.63 USD

2023-06-21 * "Another Sports Pub" "" #trip-chicago-2023
  Liabilities:US:Chase:Slate                       -14.11 USD
  Expenses:Food:Alcohol                             14.11 USD

2023-06-22 * "25 Degrees Burger Bar" "" #trip-chicago-2023
  Liabilities:US:Chase:Slate                       -22.49 USD
  Expenses:Food:Restaurant                          22.49 USD

2023-06-22 * "Another Sports Pub" "" #trip-chicago-2023
  Liabilities:US:Chase:Slate                       -12.99 USD
  Expenses:Food:Alcohol                             12.99 USD

2023-06-22 * "Argo Tea" "" #trip-chicago-2023
  Liabilities:US:Chase:Slate                        -5.44 USD
  Expenses:Food:Coffee                               5.44 USD

2023-06-23 * "Star of Siam" "" #trip-chicago-2023
  Liabilities:US:Chase:Slate                       -22.16 USD
  Expenses:Food:Restaurant                          22.16 USD

2023-06-23 * "Mercadito" "" #trip-chicago-2023
  Liabilities:US:Chase:Slate                       -42.48 USD
  Expenses:Food:Restaurant                          42.48 USD

2023-06-23 * "25 Degrees Burger Bar" "" #trip-chicago-2023
  Liabilities:US:Chase:Slate                       -21.98 USD
  Expenses:Food:Restaurant                          21.98 USD

2023-06-23 * "Argo Tea" "" #trip-chicago-2023
  Liabilities:US:Chase:Slate                        -7.16 USD
  Expenses:Food:Coffee                               7.16 USD

2023-06-24 * "Star of Siam" "" #trip-chicago-2023
  Liabilities:US:Chase:Slate                       -20.20 USD
  Expenses:Food:Restaurant                          20.20 USD

2023-06-24 * "25 Degrees Burger Bar" "" #trip-chicago-2023
  Liabilities:US:Chase:Slate                       -20.73 USD
  Expenses:Food:Restaurant                          20.73 USD

2023-06-24 * "Another Sports Pub" "" #trip-chicago-2023
  Liabilities:US:Chase:Slate                       -11.84 USD
  Expenses:Food:Alcohol                             11.84 USD

2023-06-24 * "Argo Tea" "" #trip-chicago-2023
  Liabilities:US:Chase:Slate                        -5.26 USD
  Expenses:Food:Coffee                               5.26 USD

2023-06-25 * "Eataly Chicago" "" #trip-chicago-2023
  Liabilities:US:Chase:Slate                       -54.95 USD
  Expenses:Food:Restaurant                          54.95 USD

2023-06-25 * "Another Sports Pub" "" #trip-chicago-2023
  Liabilities:US:Chase:Slate                       -10.99 USD
  Expenses:Food:Alcohol                             10.99 USD

2023-06-26 * "Mercadito" "" #trip-chicago-2023
  Liabilities:US:Chase:Slate                       -43.31 USD
  Expenses:Food:Restaurant                          43.31 USD

2023-06-26 * "Another Sports Pub" "" #trip-chicago-2023
  Liabilities:US:Chase:Slate                        -8.94 USD
  Expenses:Food:Alcohol                              8.94 USD

2023-06-27 * "25 Degrees Burger Bar" "" #trip-chicago-2023
  Liabilities:US:Chase:Slate                       -22.83 USD
  Expenses:Food:Restaurant                          22.83 USD

2023-06-27 * "Another Sports Pub" "" #trip-chicago-2023
  Liabilities:US:Chase:Slate                       -11.18 USD
  Expenses:Food:Alcohol                             11.18 USD

2023-06-28 * "Uncle Boons" "Eating out with Joe"
  Liabilities:US:Chase:Slate                       -64.74 USD
  Expenses:Food:Restaurant                          64.74 USD

2023-06-28 * "Mercadito" "" #trip-chicago-2023
  Liabilities:US:Chase:Slate                       -38.39 USD
  Expenses:Food:Restaurant                          38.39 USD

2023-06-28 * "25 Degrees Burger Bar" "" #trip-chicago-2023
  Liabilities:US:Chase:Slate                       -26.57 USD
  Expenses:Food:Restaurant                          26.57 USD

2023-06-28 * "Another Sports Pub" "" #trip-chicago-2023
  Liabilities:US:Chase:Slate                       -11.63 USD
  Expenses:Food:Alcohol                             11.63 USD

2023-06-28 * "Argo Tea" "" #trip-chicago-2023
  Liabilities:US:Chase:Slate                        -5.28 USD
  Expenses:Food:Coffee                               5.28 USD

2023-06-28 * "Consume vacation days"
  Assets:US:Hooli:Vacation                           -120 VACHR
  Expenses:Vacation                                   120 VACHR

2023-06-28 event "location" "New Metropolis"

2023-06-29 * "Jewel of Morroco" "Eating out after work"
  Liabilities:US:Chase:Slate                       -19.93 USD
  Expenses:Food:Restaurant                          19.93 USD

2023-06-30 * "China Garden" "Eating out with work buddies"
  Liabilities:US:Chase:Slate                       -25.54 USD
  Expenses:Food:Restaurant                          25.54 USD

2023-07-01 * "Uncle Boons" "Eating out with Natasha"
  Liabilities:US:Chase:Slate                       -25.98 USD
  Expenses:Food:Restaurant                          25.98 USD

2023-07-02 * "Onion Market" "Buying groceries"
  Liabilities:US:Chase:Slate                       -54.48 USD
  Expenses:Food:Groceries                           54.48 USD

2023-07-03 * "China Garden" "Eating out with Bill"
  Liabilities:US:Chase:Slate                       -51.75 USD
  Expenses:Food:Restaurant                          51.75 USD

2023-07-05 * "Rose Flower" "Eating out with Joe"
  Liabilities:US:Chase:Slate                       -33.79 USD
  Expenses:Food:Restaurant                          33.79 USD

2023-07-07 * "Chichipotle" "Eating out with Bill"
  Liabilities:US:Chase:Slate                       -64.01 USD
  Expenses:Food:Restaurant                          64.01 USD

2023-07-08 * "Chase:Slate" "Paying off credit card"
  Liabilities:US:Chase:Slate                       411.91 USD
  Assets:US:BofA:Checking                         -411.91 USD

2023-07-10 balance Liabilities:US:Chase:Slate    -1829.72 USD

2023-07-12 * "Uncle Boons" "Eating out after work"
  Liabilities:US:Chase:Slate                       -46.60 USD
  Expenses:Food:Restaurant                          46.60 USD

2023-07-17 * "Uncle Boons" "Eating out "
  Liabilities:US:Chase:Slate                       -48.89 USD
  Expenses:Food:Restaurant                          48.89 USD

2023-07-17 * "Onion Market" "Buying groceries"
  Liabilities:US:Chase:Slate                       -71.73 USD
  Expenses:Food:Groceries                           71.73 USD

2023-07-18 * "Uncle Boons" "Eating out with Joe"
  Liabilities:US:Chase:Slate                       -22.66 USD
  Expenses:Food:Restaurant                          22.66 USD

2023-07-19 * "Metro Transport Authority" "Tram tickets"
  Liabilities:US:Chase:Slate                      -120.00 USD
  Expenses:Transport:Tram                          120.00 USD

2023-07-23 * "Kin Soy" "Eating out with Joe"
  Liabilities:US:Chase:Slate                       -17.54 USD
  Expenses:Food:Restaurant                          17.54 USD

2023-07-28 * "Jewel of Morroco" "Eating out with Bill"
  Liabilities:US:Chase:Slate                       -29.15 USD
  Expenses:Food:Restaurant                          29.15 USD

2023-07-30 * "Jewel of Morroco" "Eating out "
  Liabilities:US:Chase:Slate                       -25.75 USD
  Expenses:Food:Restaurant                          25.75 USD

2023-07-31 * "China Garden" "Eating out "
  Liabilities:US:Chase:Slate                       -40.39 USD
  Expenses:Food:Restaurant                          40.39 USD

2023-08-03 * "Good Moods Market" "Buying groceries"
  Liabilities:US:Chase:Slate                       -88.39 USD
  Expenses:Food:Groceries                           88.39 USD

2023-08-05 * "China Garden" "Eating out with work buddies"
  Liabilities:US:Chase:Slate                       -28.25 USD
  Expenses:Food:Restaurant                          28.25 USD

2023-08-06 balance Liabilities:US:Chase:Slate    -2369.07 USD

2023-08-10 * "Uncle Boons" "Eating out with Julie"
  Liabilities:US:Chase:Slate                       -23.18 USD
  Expenses:Food:Restaurant                          23.18 USD

2023-08-11 * "Chase:Slate" "Paying off credit card"
  Liabilities:US:Chase:Slate                       572.78 USD
  Assets:US:BofA:Checking                         -572.78 USD

2023-08-13 * "China Garden" "Eating out "
  Liabilities:US:Chase:Slate                       -56.85 USD
  Expenses:Food:Restaurant                          56.85 USD

2023-08-16 * "Uncle Boons" "Eating out with Natasha"
  Liabilities:US:Chase:Slate                       -57.02 USD
  Expenses:Food:Restaurant                          57.02 USD

2023-08-16 * "Farmer Fresh" "Buying groceries"
  Liabilities:US:Chase:Slate                       -68.01 USD
  Expenses:Food:Groceries                           68.01 USD

2023-08-18 * "Metro Transport Authority" "Tram tickets"
  Liabilities:US:Chase:Slate                      -120.00 USD
  Expenses:Transport:Tram                          120.00 USD

2023-08-21 * "China Garden" "Eating out with Bill"
  Liabilities:US:Chase:Slate                       -36.57 USD
  Expenses:Food:Restaurant                          36.57 USD

2023-08-22 * "Good Moods Market" "Buying groceries"
  Liabilities:US:Chase:Slate                       -59.22 USD
  Expenses:Food:Groceries                           59.22 USD

2023-08-24 * "Kin Soy" "Eating out with work buddies"
  Liabilities:US:Chase:Slate                       -46.09 USD
  Expenses:Food:Restaurant                          46.09 USD

2023-08-29 * "Kin Soy" "Eating out with Julie"
  Liabilities:US:Chase:Slate                       -35.14 USD
  Expenses:Food:Restaurant                          35.14 USD

2023-08-30 balance Liabilities:US:Chase:Slate    -2298.37 USD

2023-08-30 * "Kin Soy" "Eating out with Joe"
  Liabilities:US:Chase:Slate                       -38.59 USD
  Expenses:Food:Restaurant                          38.59 USD

2023-08-31 * "Goba Goba" "Eating out with Joe"
  Liabilities:US:Chase:Slate                       -24.24 USD
  Expenses:Food:Restaurant                          24.24 USD

2023-09-03 * "Onion Market" "Buying groceries"
  Liabilities:US:Chase:Slate                      -107.72 USD
  Expenses:Food:Groceries                          107.72 USD

2023-09-05 * "Chichipotle" "Eating out with Julie"
  Liabilities:US:Chase:Slate                       -73.13 USD
  Expenses:Food:Restaurant                          73.13 USD

2023-09-08 * "Kin Soy" "Eating out with Joe"
  Liabilities:US:Chase:Slate                       -21.11 USD
  Expenses:Food:Restaurant                          21.11 USD

2023-09-10 * "Jewel of Morroco" "Eating out "
  Liabilities:US:Chase:Slate                       -21.10 USD
  Expenses:Food:Restaurant                          21.10 USD

2023-09-10 * "Chase:Slate" "Paying off credit card"
  Liabilities:US:Chase:Slate                       707.94 USD
  Assets:US:BofA:Checking                         -707.94 USD

2023-09-12 * "Chichipotle" "Eating out with work buddies"
  Liabilities:US:Chase:Slate                       -31.84 USD
  Expenses:Food:Restaurant                          31.84 USD

2023-09-14 * "Uncle Boons" "Eating out with Bill"
  Liabilities:US:Chase:Slate                       -41.35 USD
  Expenses:Food:Restaurant                          41.35 USD

2023-09-15 * "Kin Soy" "Eating out with Bill"
  Liabilities:US:Chase:Slate                       -65.88 USD
  Expenses:Food:Restaurant                          65.88 USD

2023-09-15 * "Metro Transport Authority" "Tram tickets"
  Liabilities:US:Chase:Slate                      -120.00 USD
  Expenses:Transport:Tram                          120.00 USD

2023-09-20 * "Jewel of Morroco" "Eating out with Natasha"
  Liabilities:US:Chase:Slate                       -47.96 USD
  Expenses:Food:Restaurant                          47.96 USD

2023-09-20 * "Farmer Fresh" "Buying groceries"
  Liabilities:US:Chase:Slate                       -97.52 USD
  Expenses:Food:Groceries                           97.52 USD

2023-09-22 * "Rose Flower" "Eating out with work buddies"
  Liabilities:US:Chase:Slate                       -56.96 USD
  Expenses:Food:Restaurant                          56.96 USD

2023-09-24 balance Liabilities:US:Chase:Slate    -2337.83 USD

2023-09-26 * "Uncle Boons" "Eating out with Joe"
  Liabilities:US:Chase:Slate                       -14.21 USD
  Expenses:Food:Restaurant                          14.21 USD

2023-09-29 * "Cafe Modagor" "Eating out "
  Liabilities:US:Chase:Slate                       -42.48 USD
  Expenses:Food:Restaurant                          42.48 USD

2023-10-02 * "Cafe Modagor" "Eating out with work buddies"
  Liabilities:US:Chase:Slate                       -14.11 USD
  Expenses:Food:Restaurant                          14.11 USD

2023-10-05 * "Chichipotle" "Eating out with Bill"
  Liabilities:US:Chase:Slate                       -33.23 USD
  Expenses:Food:Restaurant                          33.23 USD

2023-10-06 * "Corner Deli" "Buying groceries"
  Liabilities:US:Chase:Slate                      -116.20 USD
  Expenses:Food:Groceries                          116.20 USD

2023-10-09 * "Chichipotle" "Eating out with Julie"
  Liabilities:US:Chase:Slate                       -46.45 USD
  Expenses:Food:Restaurant                          46.45 USD

2023-10-10 * "Chase:Slate" "Paying off credit card"
  Liabilities:US:Chase:Slate                       769.11 USD
  Assets:US:BofA:Checking                         -769.11 USD

2023-10-11 * "Chichipotle" "Eating out after work"
  Liabilities:US:Chase:Slate                       -40.92 USD
  Expenses:Food:Restaurant                          40.92 USD

2023-10-12 * "China Garden" "Eating out "
  Liabilities:US:Chase:Slate                       -19.18 USD
  Expenses:Food:Restaurant                          19.18 USD

2023-10-13 * "Cafe Modagor" "Eating out "
  Liabilities:US:Chase:Slate                       -46.72 USD
  Expenses:Food:Restaurant                          46.72 USD

2023-10-14 * "Rose Flower" "Eating out "
  Liabilities:US:Chase:Slate                       -28.07 USD
  Expenses:Food:Restaurant                          28.07 USD

2023-10-14 * "Metro Transport Authority" "Tram tickets"
  Liabilities:US:Chase:Slate                      -120.00 USD
  Expenses:Transport:Tram                          120.00 USD

2023-10-16 * "Corner Deli" "Buying groceries"
  Liabilities:US:Chase:Slate                       -47.79 USD
  Expenses:Food:Groceries                           47.79 USD

2023-10-17 * "Kin Soy" "Eating out with Natasha"
  Liabilities:US:Chase:Slate                       -38.80 USD
  Expenses:Food:Restaurant                          38.80 USD

2023-10-18 * "Rose Flower" "Eating out with Natasha"
  Liabilities:US:Chase:Slate                       -25.13 USD
  Expenses:Food:Restaurant                          25.13 USD

2023-10-20 balance Liabilities:US:Chase:Slate    -2202.01 USD

2023-10-22 * "Jewel of Morroco" "Eating out after work"
  Liabilities:US:Chase:Slate                       -17.29 USD
  Expenses:Food:Restaurant                          17.29 USD

2023-10-26 * "Jewel of Morroco" "Eating out with Natasha"
  Liabilities:US:Chase:Slate                       -19.48 USD
  Expenses:Food:Restaurant                          19.48 USD

2023-10-28 * "Onion Market" "Buying groceries"
  Liabilities:US:Chase:Slate                       -88.08 USD
  Expenses:Food:Groceries                           88.08 USD

2023-10-31 * "Rose Flower" "Eating out with Joe"
  Liabilities:US:Chase:Slate                       -27.55 USD
  Expenses:Food:Restaurant                          27.55 USD

2023-11-03 * "Jewel of Morroco" "Eating out with Julie"
  Liabilities:US:Chase:Slate                       -27.37 USD
  Expenses:Food:Restaurant                          27.37 USD

2023-11-05 * "Cafe Modagor" "Eating out with Joe"
  Liabilities:US:Chase:Slate                       -29.04 USD
  Expenses:Food:Restaurant                          29.04 USD

2023-11-08 * "Chase:Slate" "Paying off credit card"
  Liabilities:US:Chase:Slate                       639.60 USD
  Assets:US:BofA:Checking                         -639.60 USD

2023-11-09 * "Kin Soy" "Eating out with Julie"
  Liabilities:US:Chase:Slate                      -105.10 USD
  Expenses:Food:Restaurant                         105.10 USD

2023-11-09 * "Good Moods Market" "Buying groceries"
  Liabilities:US:Chase:Slate                       -36.85 USD
  Expenses:Food:Groceries                           36.85 USD

2023-11-10 * "Kin Soy" "Eating out with Joe"
  Liabilities:US:Chase:Slate                       -37.73 USD
  Expenses:Food:Restaurant                          37.73 USD

2023-11-13 balance Liabilities:US:Chase:Slate    -1950.90 USD

2023-11-13 * "Metro Transport Authority" "Tram tickets"
  Liabilities:US:Chase:Slate                      -120.00 USD
  Expenses:Transport:Tram                          120.00 USD

2023-11-14 * "Goba Goba" "Eating out with work buddies"
  Liabilities:US:Chase:Slate                       -27.36 USD
  Expenses:Food:Restaurant                          27.36 USD

2023-11-16 * "China Garden" "Eating out with Julie"
  Liabilities:US:Chase:Slate                       -67.99 USD
  Expenses:Food:Restaurant                          67.99 USD

2023-11-19 * "Rose Flower" "Eating out with Bill"
  Liabilities:US:Chase:Slate                       -30.77 USD
  Expenses:Food:Restaurant                          30.77 USD

2023-11-21 * "Corner Deli" "Buying groceries"
  Liabilities:US:Chase:Slate                       -99.18 USD
  Expenses:Food:Groceries                           99.18 USD

2023-11-23 * "Jewel of Morroco" "Eating out after work"
  Liabilities:US:Chase:Slate                       -31.25 USD
  Expenses:Food:Restaurant                          31.25 USD

2023-11-26 * "Good Moods Market" "Buying groceries"
  Liabilities:US:Chase:Slate                       -92.14 USD
  Expenses:Food:Groceries                           92.14 USD

2023-11-27 * "Chichipotle" "Eating out with Julie"
  Liabilities:US:Chase:Slate                       -27.39 USD
  Expenses:Food:Restaurant                          27.39 USD

2023-11-29 * "Rose Flower" "Eating out alone"
  Liabilities:US:Chase:Slate                       -18.68 USD
  Expenses:Food:Restaurant                          18.68 USD

2023-12-03 * "Uncle Boons" "Eating out with Julie"
  Liabilities:US:Chase:Slate                       -31.41 USD
  Expenses:Food:Restaurant                          31.41 USD

2023-12-06 * "Jewel of Morroco" "Eating out with Joe"
  Liabilities:US:Chase:Slate                       -36.39 USD
  Expenses:Food:Restaurant                          36.39 USD

2023-12-07 balance Liabilities:US:Chase:Slate    -2533.46 USD

2023-12-07 * "Kin Soy" "Eating out "
  Liabilities:US:Chase:Slate                       -12.07 USD
  Expenses:Food:Restaurant                          12.07 USD

2023-12-07 * "Farmer Fresh" "Buying groceries"
  Liabilities:US:Chase:Slate                      -127.03 USD
  Expenses:Food:Groceries                          127.03 USD

2023-12-07 * "Chase:Slate" "Paying off credit card"
  Liabilities:US:Chase:Slate                       669.21 USD
  Assets:US:BofA:Checking                         -669.21 USD

2023-12-09 * "Kin Soy" "Eating out with Julie"
  Liabilities:US:Chase:Slate                       -44.10 USD
  Expenses:Food:Restaurant                          44.10 USD

2023-12-10 * "Kin Soy" "Eating out alone"
  Liabilities:US:Chase:Slate                       -60.35 USD
  Expenses:Food:Restaurant                          60.35 USD

2023-12-12 * "Chichipotle" "Eating out after work"
  Liabilities:US:Chase:Slate                       -35.25 USD
  Expenses:Food:Restaurant                          35.25 USD

2023-12-12 * "Metro Transport Authority" "Tram tickets"
  Liabilities:US:Chase:Slate                      -120.00 USD
  Expenses:Transport:Tram                          120.00 USD

2023-12-13 * "Onion Market" "Buying groceries"
  Liabilities:US:Chase:Slate                       -62.91 USD
  Expenses:Food:Groceries                           62.91 USD

2023-12-15 * "Chichipotle" "Eating out with Natasha"
  Liabilities:US:Chase:Slate                       -21.34 USD
  Expenses:Food:Restaurant                          21.34 USD

2023-12-19 * "China Garden" "Eating out after work"
  Liabilities:US:Chase:Slate                       -39.21 USD
  Expenses:Food:Restaurant                          39.21 USD

2023-12-23 * "Uncle Boons" "Eating out with Bill"
  Liabilities:US:Chase:Slate                       -32.80 USD
  Expenses:Food:Restaurant                          32.80 USD

2023-12-25 * "Chichipotle" "Eating out after work"
  Liabilities:US:Chase:Slate                       -24.79 USD
  Expenses:Food:Restaurant                          24.79 USD

2023-12-28 * "Chichipotle" "Eating out "
  Liabilities:US:Chase:Slate                       -42.92 USD
  Expenses:Food:Restaurant                          42.92 USD

2023-12-30 * "Chichipotle" "Eating out with Bill"
  Liabilities:US:Chase:Slate                       -38.52 USD
  Expenses:Food:Restaurant                          38.52 USD

2024-01-02 * "Good Moods Market" "Buying groceries"
  Liabilities:US:Chase:Slate                       -68.55 USD
  Expenses:Food:Groceries                           68.55 USD

2024-01-04 * "Rose Flower" "Eating out with Joe"
  Liabilities:US:Chase:Slate                       -33.27 USD
  Expenses:Food:Restaurant                          33.27 USD

2024-01-05 balance Liabilities:US:Chase:Slate    -2627.36 USD

2024-01-08 * "Goba Goba" "Eating out with Joe"
  Liabilities:US:Chase:Slate                       -15.16 USD
  Expenses:Food:Restaurant                          15.16 USD

2024-01-09 * "Metro Transport Authority" "Tram tickets"
  Liabilities:US:Chase:Slate                      -120.00 USD
  Expenses:Transport:Tram                          120.00 USD

2024-01-10 * "Chichipotle" "Eating out "
  Liabilities:US:Chase:Slate                       -30.19 USD
  Expenses:Food:Restaurant                          30.19 USD

2024-01-10 * "Chase:Slate" "Paying off credit card"
  Liabilities:US:Chase:Slate                       916.39 USD
  Assets:US:BofA:Checking                         -916.39 USD

2024-01-11 * "Cafe Modagor" "Eating out with Natasha"
  Liabilities:US:Chase:Slate                       -56.02 USD
  Expenses:Food:Restaurant                          56.02 USD

2024-01-16 * "Uncle Boons" "Eating out after work"
  Liabilities:US:Chase:Slate                       -22.18 USD
  Expenses:Food:Restaurant                          22.18 USD

2024-01-17 * "Corner Deli" "Buying groceries"
  Liabilities:US:Chase:Slate                       -89.06 USD
  Expenses:Food:Groceries                           89.06 USD

2024-01-19 * "Chichipotle" "Eating out with Julie"
  Liabilities:US:Chase:Slate                       -37.49 USD
  Expenses:Food:Restaurant                          37.49 USD

2024-01-21 * "Rose Flower" "Eating out with Natasha"
  Liabilities:US:Chase:Slate                       -13.36 USD
  Expenses:Food:Restaurant                          13.36 USD

2024-01-24 * "Corner Deli" "Buying groceries"
  Liabilities:US:Chase:Slate                       -75.93 USD
  Expenses:Food:Groceries                           75.93 USD

2024-01-25 * "Rose Flower" "Eating out with Bill"
  Liabilities:US:Chase:Slate                       -24.86 USD
  Expenses:Food:Restaurant                          24.86 USD

2024-01-26 * "Cafe Modagor" "Eating out with Joe"
  Liabilities:US:Chase:Slate                       -29.99 USD
  Expenses:Food:Restaurant                          29.99 USD

2024-01-28 * "Cafe Modagor" "Eating out with work buddies"
  Liabilities:US:Chase:Slate                       -50.16 USD
  Expenses:Food:Restaurant                          50.16 USD

2024-01-29 balance Liabilities:US:Chase:Slate    -2275.37 USD

2024-02-02 * "Rose Flower" "Eating out with Julie"
  Liabilities:US:Chase:Slate                       -31.40 USD
  Expenses:Food:Restaurant                          31.40 USD

2024-02-02 * "Corner Deli" "Buying groceries"
  Liabilities:US:Chase:Slate                       -73.94 USD
  Expenses:Food:Groceries                           73.94 USD

2024-02-07 * "Jewel of Morroco" "Eating out after work"
  Liabilities:US:Chase:Slate                       -21.78 USD
  Expenses:Food:Restaurant                          21.78 USD

2024-02-08 * "Metro Transport Authority" "Tram tickets"
  Liabilities:US:Chase:Slate                      -120.00 USD
  Expenses:Transport:Tram                          120.00 USD

2024-02-09 * "Chase:Slate" "Paying off credit card"
  Liabilities:US:Chase:Slate                       683.06 USD
  Assets:US:BofA:Checking                         -683.06 USD

2024-02-11 * "China Garden" "Eating out with Joe"
  Liabilities:US:Chase:Slate                       -36.89 USD
  Expenses:Food:Restaurant                          36.89 USD

2024-02-12 * "Jewel of Morroco" "Eating out after work"
  Liabilities:US:Chase:Slate                       -22.87 USD
  Expenses:Food:Restaurant                          22.87 USD

2024-02-12 * "Corner Deli" "Buying groceries"
  Liabilities:US:Chase:Slate                       -98.98 USD
  Expenses:Food:Groceries                           98.98 USD

2024-02-13 * "Chichipotle" "Eating out with Julie"
  Liabilities:US:Chase:Slate                       -46.16 USD
  Expenses:Food:Restaurant                          46.16 USD

2024-02-16 * "Jewel of Morroco" "Eating out with Natasha"
  Liabilities:US:Chase:Slate                       -31.83 USD
  Expenses:Food:Restaurant                          31.83 USD

2024-02-21 * "Cafe Modagor" "Eating out with work buddies"
  Liabilities:US:Chase:Slate                       -24.84 USD
  Expenses:Food:Restaurant                          24.84 USD

2024-02-23 * "Jewel of Morroco" "Eating out after work"
  Liabilities:US:Chase:Slate                       -20.39 USD
  Expenses:Food:Restaurant                          20.39 USD

2024-02-24 * "Corner Deli" "Buying groceries"
  Liabilities:US:Chase:Slate                      -119.53 USD
  Expenses:Food:Groceries                          119.53 USD

2024-02-26 balance Liabilities:US:Chase:Slate    -2240.92 USD

2024-02-26 * "Cafe Modagor" "Eating out with Bill"
  Liabilities:US:Chase:Slate                       -24.36 USD
  Expenses:Food:Restaurant                          24.36 USD

2024-02-27 * "Jewel of Morroco" "Eating out with Natasha"
  Liabilities:US:Chase:Slate                       -20.22 USD
  Expenses:Food:Restaurant                          20.22 USD

2024-02-28 * "China Garden" "Eating out alone"
  Liabilities:US:Chase:Slate                       -15.81 USD
  Expenses:Food:Restaurant                          15.81 USD

2024-02-29 * "Kin Soy" "Eating out with Bill"
  Liabilities:US:Chase:Slate                       -23.68 USD
  Expenses:Food:Restaurant                          23.68 USD

2024-03-04 * "Chichipotle" "Eating out with Bill"
  Liabilities:US:Chase:Slate                       -21.91 USD
  Expenses:Food:Restaurant                          21.91 USD

2024-03-05 * "Chichipotle" "Eating out with Natasha"
  Liabilities:US:Chase:Slate                       -21.79 USD
  Expenses:Food:Restaurant                          21.79 USD

2024-03-06 * "Metro Transport Authority" "Tram tickets"
  Liabilities:US:Chase:Slate                      -120.00 USD
  Expenses:Transport:Tram                          120.00 USD

2024-03-08 * "Chichipotle" "Eating out with Julie"
  Liabilities:US:Chase:Slate                       -23.85 USD
  Expenses:Food:Restaurant                          23.85 USD

2024-03-08 * "Chase:Slate" "Paying off credit card"
  Liabilities:US:Chase:Slate                       636.22 USD
  Assets:US:BofA:Checking                         -636.22 USD

2024-03-09 * "Good Moods Market" "Buying groceries"
  Liabilities:US:Chase:Slate                      -143.40 USD
  Expenses:Food:Groceries                          143.40 USD

2024-03-12 * "China Garden" "Eating out alone"
  Liabilities:US:Chase:Slate                       -20.25 USD
  Expenses:Food:Restaurant                          20.25 USD

2024-03-15 * "Goba Goba" "Eating out with work buddies"
  Liabilities:US:Chase:Slate                       -27.89 USD
  Expenses:Food:Restaurant                          27.89 USD

2024-03-17 * "Good Moods Market" "Buying groceries"
  Liabilities:US:Chase:Slate                       -92.48 USD
  Expenses:Food:Groceries                           92.48 USD

2024-03-18 * "China Garden" "Eating out with Bill"
  Liabilities:US:Chase:Slate                       -37.97 USD
  Expenses:Food:Restaurant                          37.97 USD

2024-03-22 balance Liabilities:US:Chase:Slate    -2198.31 USD

2024-03-22 * "Chichipotle" "Eating out with Julie"
  Liabilities:US:Chase:Slate                       -47.53 USD
  Expenses:Food:Restaurant                          47.53 USD

2024-03-24 * "Corner Deli" "Buying groceries"
  Liabilities:US:Chase:Slate                      -124.06 USD
  Expenses:Food:Groceries                          124.06 USD

2024-03-25 * "China Garden" "Eating out with Natasha"
  Liabilities:US:Chase:Slate                       -18.75 USD
  Expenses:Food:Restaurant                          18.75 USD

2024-03-30 * "Chichipotle" "Eating out with Julie"
  Liabilities:US:Chase:Slate                       -11.51 USD
  Expenses:Food:Restaurant                          11.51 USD

2024-04-03 * "Uncle Boons" "Eating out with Julie"
  Liabilities:US:Chase:Slate                       -56.19 USD
  Expenses:Food:Restaurant                          56.19 USD

2024-04-04 * "Metro Transport Authority" "Tram tickets"
  Liabilities:US:Chase:Slate                      -120.00 USD
  Expenses:Transport:Tram                          120.00 USD

2024-04-06 * "Cafe Modagor" "Eating out "
  Liabilities:US:Chase:Slate                       -44.20 USD
  Expenses:Food:Restaurant                          44.20 USD

2024-04-09 * "Chase:Slate" "Paying off credit card"
  Liabilities:US:Chase:Slate                       773.52 USD
  Assets:US:BofA:Checking                         -773.52 USD

2024-04-11 * "Jewel of Morroco" "Eating out with Joe"
  Liabilities:US:Chase:Slate                       -29.29 USD
  Expenses:Food:Restaurant                          29.29 USD

2024-04-12 * "Onion Market" "Buying groceries"
  Liabilities:US:Chase:Slate                       -91.46 USD
  Expenses:Food:Groceries                           91.46 USD

2024-04-14 * "Cafe Modagor" "Eating out with Natasha"
  Liabilities:US:Chase:Slate                       -63.33 USD
  Expenses:Food:Restaurant                          63.33 USD

2024-04-16 * "Rose Flower" "Eating out alone"
  Liabilities:US:Chase:Slate                       -35.56 USD
  Expenses:Food:Restaurant                          35.56 USD

2024-04-17 balance Liabilities:US:Chase:Slate    -2066.67 USD

2024-04-17 * "Good Moods Market" "Buying groceries"
  Liabilities:US:Chase:Slate                       -55.70 USD
  Expenses:Food:Groceries                           55.70 USD

2024-04-19 * "Cafe Modagor" "Eating out with work buddies"
  Liabilities:US:Chase:Slate                       -52.98 USD
  Expenses:Food:Restaurant                          52.98 USD

2024-04-21 * "Kin Soy" "Eating out "
  Liabilities:US:Chase:Slate                       -30.47 USD
  Expenses:Food:Restaurant                          30.47 USD

2024-04-24 * "Goba Goba" "Eating out after work"
  Liabilities:US:Chase:Slate                       -21.51 USD
  Expenses:Food:Restaurant                          21.51 USD

2024-04-25 * "Cafe Modagor" "Eating out with Bill"
  Liabilities:US:Chase:Slate                       -29.49 USD
  Expenses:Food:Restaurant                          29.49 USD

2024-04-28 * "Chichipotle" "Eating out after work"
  Liabilities:US:Chase:Slate                       -23.59 USD
  Expenses:Food:Restaurant                          23.59 USD

2024-05-02 * "Cafe Modagor" "Eating out with Joe"
  Liabilities:US:Chase:Slate                       -28.95 USD
  Expenses:Food:Restaurant                          28.95 USD

2024-05-04 * "Metro Transport Authority" "Tram tickets"
  Liabilities:US:Chase:Slate                      -120.00 USD
  Expenses:Transport:Tram                          120.00 USD

2024-05-05 * "Kin Soy" "Eating out with Bill"
  Liabilities:US:Chase:Slate                       -41.26 USD
  Expenses:Food:Restaurant                          41.26 USD

2024-05-05 * "Farmer Fresh" "Buying groceries"
  Liabilities:US:Chase:Slate                       -79.60 USD
  Expenses:Food:Groceries                           79.60 USD

2024-05-09 balance Liabilities:US:Chase:Slate    -2550.22 USD

2024-05-09 * "Chase:Slate" "Paying off credit card"
  Liabilities:US:Chase:Slate                       691.43 USD
  Assets:US:BofA:Checking                         -691.43 USD

2024-05-10 * "Kin Soy" "Eating out alone"
  Liabilities:US:Chase:Slate                       -17.53 USD
  Expenses:Food:Restaurant                          17.53 USD

2024-05-12 * "Rose Flower" "Eating out with Julie"
  Liabilities:US:Chase:Slate                       -15.87 USD
  Expenses:Food:Restaurant                          15.87 USD

2024-05-13 * "Good Moods Market" "Buying groceries"
  Liabilities:US:Chase:Slate                       -92.51 USD
  Expenses:Food:Groceries                           92.51 USD

2024-05-16 * "Kin Soy" "Eating out with work buddies"
  Liabilities:US:Chase:Slate                       -33.32 USD
  Expenses:Food:Restaurant                          33.32 USD

2024-05-17 * "Goba Goba" "Eating out after work"
  Liabilities:US:Chase:Slate                       -39.23 USD
  Expenses:Food:Restaurant                          39.23 USD

2024-05-20 * "China Garden" "Eating out alone"
  Liabilities:US:Chase:Slate                       -23.65 USD
  Expenses:Food:Restaurant                          23.65 USD

2024-05-25 * "Chichipotle" "Eating out with Bill"
  Liabilities:US:Chase:Slate                       -27.57 USD
  Expenses:Food:Restaurant                          27.57 USD

2024-05-28 * "China Garden" "Eating out with Natasha"
  Liabilities:US:Chase:Slate                       -61.06 USD
  Expenses:Food:Restaurant                          61.06 USD

2024-05-30 * "Jewel of Morroco" "Eating out alone"
  Liabilities:US:Chase:Slate                       -25.42 USD
  Expenses:Food:Restaurant                          25.42 USD

2024-06-01 * "Onion Market" "Buying groceries"
  Liabilities:US:Chase:Slate                       -69.86 USD
  Expenses:Food:Groceries                           69.86 USD

2024-06-03 balance Liabilities:US:Chase:Slate    -2264.81 USD

2024-06-03 * "Metro Transport Authority" "Tram tickets"
  Liabilities:US:Chase:Slate                      -120.00 USD
  Expenses:Transport:Tram                          120.00 USD

2024-06-04 * "Chichipotle" "Eating out with Bill"
  Liabilities:US:Chase:Slate                       -19.93 USD
  Expenses:Food:Restaurant                          19.93 USD

2024-06-07 * "Chase:Slate" "Paying off credit card"
  Liabilities:US:Chase:Slate                       550.08 USD
  Assets:US:BofA:Checking                         -550.08 USD

2024-06-09 * "China Garden" "Eating out "
  Liabilities:US:Chase:Slate                       -21.66 USD
  Expenses:Food:Restaurant                          21.66 USD

2024-06-14 * "Chichipotle" "Eating out with Bill"
  Liabilities:US:Chase:Slate                       -18.48 USD
  Expenses:Food:Restaurant                          18.48 USD

2024-06-16 * "Jewel of Morroco" "Eating out "
  Liabilities:US:Chase:Slate                       -30.23 USD
  Expenses:Food:Restaurant                          30.23 USD

2024-06-16 * "Onion Market" "Buying groceries"
  Liabilities:US:Chase:Slate                       -63.07 USD
  Expenses:Food:Groceries                           63.07 USD

2024-06-20 * "Uncle Boons" "Eating out with Joe"
  Liabilities:US:Chase:Slate                       -17.61 USD
  Expenses:Food:Restaurant                          17.61 USD

2024-06-23 * "Chichipotle" "Eating out with Natasha"
  Liabilities:US:Chase:Slate                       -22.92 USD
  Expenses:Food:Restaurant                          22.92 USD

2024-06-23 * "Farmer Fresh" "Buying groceries"
  Liabilities:US:Chase:Slate                       -73.17 USD
  Expenses:Food:Groceries                           73.17 USD

2024-06-28 * "Chichipotle" "Eating out with Julie"
  Liabilities:US:Chase:Slate                       -42.79 USD
  Expenses:Food:Restaurant                          42.79 USD

2024-06-30 balance Liabilities:US:Chase:Slate    -2144.59 USD

2024-07-02 * "Chichipotle" "Eating out with work buddies"
  Liabilities:US:Chase:Slate                       -38.48 USD
  Expenses:Food:Restaurant                          38.48 USD

2024-07-02 * "Metro Transport Authority" "Tram tickets"
  Liabilities:US:Chase:Slate                      -120.00 USD
  Expenses:Transport:Tram                          120.00 USD

2024-07-03 * "Farmer Fresh" "Buying groceries"
  Liabilities:US:Chase:Slate                       -59.24 USD
  Expenses:Food:Groceries                           59.24 USD

2024-07-05 * "China Garden" "Eating out alone"
  Liabilities:US:Chase:Slate                       -39.48 USD
  Expenses:Food:Restaurant                          39.48 USD

2024-07-07 * "Rose Flower" "Eating out after work"
  Liabilities:US:Chase:Slate                       -43.67 USD
  Expenses:Food:Restaurant                          43.67 USD

2024-07-11 * "Chase:Slate" "Paying off credit card"
  Liabilities:US:Chase:Slate                       590.70 USD
  Assets:US:BofA:Checking                         -590.70 USD

2024-07-12 * "Uncle Boons" "Eating out with work buddies"
  Liabilities:US:Chase:Slate                       -21.56 USD
  Expenses:Food:Restaurant                          21.56 USD

2024-07-16 * "Onion Market" "Buying groceries"
  Liabilities:US:Chase:Slate                       -88.67 USD
  Expenses:Food:Groceries                           88.67 USD

2024-07-17 * "Jewel of Morroco" "Eating out "
  Liabilities:US:Chase:Slate                       -16.41 USD
  Expenses:Food:Restaurant                          16.41 USD

2024-07-19 * "Jewel of Morroco" "Eating out "
  Liabilities:US:Chase:Slate                       -32.29 USD
  Expenses:Food:Restaurant                          32.29 USD

2024-07-20 * "Jewel of Morroco" "Eating out with work buddies"
  Liabilities:US:Chase:Slate                       -65.14 USD
  Expenses:Food:Restaurant                          65.14 USD

2024-07-22 balance Liabilities:US:Chase:Slate    -2078.83 USD

2024-07-23 * "Rose Flower" "Eating out with Natasha"
  Liabilities:US:Chase:Slate                       -28.21 USD
  Expenses:Food:Restaurant                          28.21 USD

2024-07-27 * "Jewel of Morroco" "Eating out with Julie"
  Liabilities:US:Chase:Slate                       -40.90 USD
  Expenses:Food:Restaurant                          40.90 USD

2024-07-30 * "Metro Transport Authority" "Tram tickets"
  Liabilities:US:Chase:Slate                      -120.00 USD
  Expenses:Transport:Tram                          120.00 USD

2024-07-31 * "Uncle Boons" "Eating out after work"
  Liabilities:US:Chase:Slate                       -46.92 USD
  Expenses:Food:Restaurant                          46.92 USD

2024-08-02 * "Onion Market" "Buying groceries"
  Liabilities:US:Chase:Slate                       -97.88 USD
  Expenses:Food:Groceries                           97.88 USD

2024-08-05 * "China Garden" "Eating out with Joe"
  Liabilities:US:Chase:Slate                       -33.99 USD
  Expenses:Food:Restaurant                          33.99 USD

2024-08-06 * "Chichipotle" "Eating out "
  Liabilities:US:Chase:Slate                       -29.05 USD
  Expenses:Food:Restaurant                          29.05 USD

2024-08-07 * "Uncle Boons" "Eating out with Bill"
  Liabilities:US:Chase:Slate                       -54.55 USD
  Expenses:Food:Restaurant                          54.55 USD

2024-08-10 * "China Garden" "Eating out with Bill"
  Liabilities:US:Chase:Slate                       -19.28 USD
  Expenses:Food:Restaurant                          19.28 USD

2024-08-11 * "Jewel of Morroco" "Eating out with Natasha"
  Liabilities:US:Chase:Slate                       -27.04 USD
  Expenses:Food:Restaurant                          27.04 USD

2024-08-12 * "Rose Flower" "Eating out with Joe"
  Liabilities:US:Chase:Slate                       -21.56 USD
  Expenses:Food:Restaurant                          21.56 USD

2024-08-15 * "Kin Soy" "Eating out alone"
  Liabilities:US:Chase:Slate                       -28.19 USD
  Expenses:Food:Restaurant                          28.19 USD

2024-08-16 * "China Garden" "Eating out with work buddies"
  Liabilities:US:Chase:Slate                       -35.87 USD
  Expenses:Food:Restaurant                          35.87 USD

2024-08-18 * "Goba Goba" "Eating out with Natasha"
  Liabilities:US:Chase:Slate                       -19.38 USD
  Expenses:Food:Restaurant                          19.38 USD

2024-08-18 * "Good Moods Market" "Buying groceries"
  Liabilities:US:Chase:Slate                      -118.02 USD
  Expenses:Food:Groceries                          118.02 USD



* Taxable Investments

2022-01-01 open Assets:US:ETrade:Cash                       USD
2022-01-01 open Assets:US:ETrade:ITOT                       ITOT
2022-01-01 open Assets:US:ETrade:VEA                       VEA
2022-01-01 open Assets:US:ETrade:VHT                       VHT
2022-01-01 open Assets:US:ETrade:GLD                       GLD
2022-01-01 open Income:US:ETrade:PnL                        USD
2022-01-01 open Income:US:ETrade:ITOT:Dividend              USD
2022-01-01 open Income:US:ETrade:VEA:Dividend              USD
2022-01-01 open Income:US:ETrade:VHT:Dividend              USD
2022-01-01 open Income:US:ETrade:GLD:Dividend              USD

2022-09-18 * "Dividends on portfolio"
  Assets:US:ETrade:Cash                              0.00 USD
  Income:US:ETrade:ITOT:Dividend                     0.00 USD

2022-09-22 * "Buy shares of VEA"
  Assets:US:ETrade:Cash                           -759.91 USD
  Assets:US:ETrade:VEA                                  6 VEA {125.16 USD, 2022-09-22}
  Expenses:Financial:Commissions                     8.95 USD

2022-09-22 * "Buy shares of ITOT"
  Assets:US:ETrade:Cash                           -798.69 USD
  Assets:US:ETrade:ITOT                                14 ITOT {56.41 USD, 2022-09-22}
  Expenses:Financial:Commissions                     8.95 USD

2022-09-22 * "Buy shares of GLD"
  Assets:US:ETrade:Cash                           -751.72 USD
  Assets:US:ETrade:GLD                                  9 GLD {82.53 USD, 2022-09-22}
  Expenses:Financial:Commissions                     8.95 USD

2022-09-22 * "Buy shares of VHT"
  Assets:US:ETrade:Cash                           -658.03 USD
  Assets:US:ETrade:VHT                                  3 VHT {216.36 USD, 2022-09-22}
  Expenses:Financial:Commissions                     8.95 USD

2022-10-09 * "Sell shares of ITOT"
  Assets:US:ETrade:ITOT                               -14 ITOT {56.41 USD, 2022-09-22} @ 58.04 USD
  Assets:US:ETrade:Cash                            803.61 USD
  Expenses:Financial:Commissions                     8.95 USD
  Income:US:ETrade:PnL                             -22.82 USD

2022-10-18 * "Buy shares of VHT"
  Assets:US:ETrade:Cash                           -221.61 USD
  Assets:US:ETrade:VHT                                  1 VHT {212.66 USD, 2022-10-18}
  Expenses:Financial:Commissions                     8.95 USD

2022-10-18 * "Buy shares of VEA"
  Assets:US:ETrade:Cash                           -259.19 USD
  Assets:US:ETrade:VEA                                  2 VEA {125.12 USD, 2022-10-18}
  Expenses:Financial:Commissions                     8.95 USD

2022-10-18 * "Buy shares of ITOT"
  Assets:US:ETrade:Cash                           -304.60 USD
  Assets:US:ETrade:ITOT                                 5 ITOT {59.13 USD, 2022-10-18}
  Expenses:Financial:Commissions                     8.95 USD

2022-10-18 * "Buy shares of GLD"
  Assets:US:ETrade:Cash                           -255.73 USD
  Assets:US:ETrade:GLD                                  3 GLD {82.26 USD, 2022-10-18}
  Expenses:Financial:Commissions                     8.95 USD

2022-11-23 * "Buy shares of VEA"
  Assets:US:ETrade:Cash                           -908.80 USD
  Assets:US:ETrade:VEA                                  7 VEA {128.55 USD, 2022-11-23}
  Expenses:Financial:Commissions                     8.95 USD

2022-11-23 * "Buy shares of GLD"
  Assets:US:ETrade:Cash                          -1007.71 USD
  Assets:US:ETrade:GLD                                 12 GLD {83.23 USD, 2022-11-23}
  Expenses:Financial:Commissions                     8.95 USD

2022-11-23 * "Buy shares of VHT"
  Assets:US:ETrade:Cash                           -845.75 USD
  Assets:US:ETrade:VHT                                  4 VHT {209.20 USD, 2022-11-23}
  Expenses:Financial:Commissions                     8.95 USD

2022-11-23 * "Buy shares of ITOT"
  Assets:US:ETrade:Cash                           -978.87 USD
  Assets:US:ETrade:ITOT                                16 ITOT {60.62 USD, 2022-11-23}
  Expenses:Financial:Commissions                     8.95 USD

2022-12-17 * "Dividends on portfolio"
  Assets:US:ETrade:Cash                             30.57 USD
  Income:US:ETrade:ITOT:Dividend                   -30.57 USD

2023-03-18 * "Dividends on portfolio"
  Assets:US:ETrade:Cash                             30.57 USD
  Income:US:ETrade:GLD:Dividend                    -30.57 USD

2023-04-16 * "Sell shares of GLD"
  Assets:US:ETrade:GLD                                -12 GLD {83.23 USD, 2022-11-23} @ 81.78 USD
  Assets:US:ETrade:Cash                            972.41 USD
  Expenses:Financial:Commissions                     8.95 USD
  Income:US:ETrade:PnL                              17.40 USD

2023-05-13 * "Buy shares of VHT"
  Assets:US:ETrade:Cash                           -438.79 USD
  Assets:US:ETrade:VHT                                  2 VHT {214.92 USD, 2023-05-13}
  Expenses:Financial:Commissions                     8.95 USD

2023-05-13 * "Buy shares of VEA"
  Assets:US:ETrade:Cash                           -416.74 USD
  Assets:US:ETrade:VEA                                  3 VEA {135.93 USD, 2023-05-13}
  Expenses:Financial:Commissions                     8.95 USD

2023-05-13 * "Buy shares of GLD"
  Assets:US:ETrade:Cash                           -501.43 USD
  Assets:US:ETrade:GLD                                  6 GLD {82.08 USD, 2023-05-13}
  Expenses:Financial:Commissions                     8.95 USD

2023-06-18 * "Dividends on portfolio"
  Assets:US:ETrade:Cash                             35.89 USD
  Income:US:ETrade:ITOT:Dividend                   -35.89 USD

2023-09-01 * "Buy shares of VHT"
  Assets:US:ETrade:Cash                          -1410.35 USD
  Assets:US:ETrade:VHT                                  7 VHT {200.20 USD, 2023-09-01}
  Expenses:Financial:Commissions                     8.95 USD

2023-09-01 * "Buy shares of ITOT"
  Assets:US:ETrade:Cash                          -1499.45 USD
  Assets:US:ETrade:ITOT                                22 ITOT {67.75 USD, 2023-09-01}
  Expenses:Financial:Commissions                     8.95 USD

2023-09-18 * "Dividends on portfolio"
  Assets:US:ETrade:Cash                             47.46 USD
  Income:US:ETrade:GLD:Dividend                    -47.46 USD

2023-10-18 * "Buy shares of VEA"
  Assets:US:ETrade:Cash                          -1387.85 USD
  Assets:US:ETrade:VEA                                 10 VEA {137.89 USD, 2023-10-18}
  Expenses:Financial:Commissions                     8.95 USD

2023-10-18 * "Buy shares of GLD"
  Assets:US:ETrade:Cash                          -1348.31 USD
  Assets:US:ETrade:GLD                                 16 GLD {83.71 USD, 2023-10-18}
  Expenses:Financial:Commissions                     8.95 USD

2023-10-18 * "Buy shares of VHT"
  Assets:US:ETrade:Cash                          -1231.15 USD
  Assets:US:ETrade:VHT                                  6 VHT {203.70 USD, 2023-10-18}
  Expenses:Financial:Commissions                     8.95 USD

2023-12-17 * "Dividends on portfolio"
  Assets:US:ETrade:Cash                             63.22 USD
  Income:US:ETrade:GLD:Dividend                    -63.22 USD

2024-03-17 * "Dividends on portfolio"
  Assets:US:ETrade:Cash                             63.22 USD
  Income:US:ETrade:GLD:Dividend                    -63.22 USD

2024-06-17 * "Dividends on portfolio"
  Assets:US:ETrade:Cash                             63.22 USD
  Income:US:ETrade:GLD:Dividend                    -63.22 USD

2024-08-08 * "Sell shares of VHT"
  Assets:US:ETrade:VHT                                 -1 VHT {212.66 USD, 2022-10-18} @ 224.87 USD
  Assets:US:ETrade:Cash                            215.92 USD
  Expenses:Financial:Commissions                     8.95 USD
  Income:US:ETrade:PnL                             -12.21 USD

2024-08-13 * "Buy shares of VEA"
  Assets:US:ETrade:Cash                          -1025.70 USD
  Assets:US:ETrade:VEA                                  7 VEA {145.25 USD, 2024-08-13}
  Expenses:Financial:Commissions                     8.95 USD

2024-08-13 * "Buy shares of GLD"
  Assets:US:ETrade:Cash                          -1086.55 USD
  Assets:US:ETrade:GLD                                 12 GLD {89.80 USD, 2024-08-13}
  Expenses:Financial:Commissions                     8.95 USD

2024-08-13 * "Buy shares of VHT"
  Assets:US:ETrade:Cash                           -915.11 USD
  Assets:US:ETrade:VHT                                  4 VHT {226.54 USD, 2024-08-13}
  Expenses:Financial:Commissions                     8.95 USD



* Vanguard Investments

2022-01-01 open Assets:US:Vanguard:VBMPX                     VBMPX
  number: "882882"
2022-01-01 open Assets:US:Vanguard:RGAGX                     RGAGX
  number: "882882"
2022-01-01 open Assets:US:Vanguard                            USD
  institution: "Vanguard Group"
  address: "P.O. Box 1110, Valley Forge, PA 19482-1110"
  phone: "+1.800.523.1188"
2022-01-01 open Income:US:Hooli:Match401k                   USD
2022-01-01 open Assets:US:Vanguard:Cash                       USD
  number: "882882"

2022-01-07 * "Employer match for contribution"
  Assets:US:Vanguard:Cash                          600.00 USD
  Income:US:Hooli:Match401k                       -600.00 USD

2022-01-10 * "Investing 40% of cash in VBMPX"
  Assets:US:Vanguard:VBMPX                          5.458 VBMPX {87.95 USD, 2022-01-10}
  Assets:US:Vanguard:Cash                         -480.03 USD

2022-01-10 * "Investing 60% of cash in RGAGX"
  Assets:US:Vanguard:RGAGX                          5.706 RGAGX {126.19 USD, 2022-01-10}
  Assets:US:Vanguard:Cash                         -720.04 USD

2022-01-10 * "Investing 40% of cash in VBMPX"
  Assets:US:Vanguard:VBMPX                          2.729 VBMPX {87.95 USD, 2022-01-10}
  Assets:US:Vanguard:Cash                         -240.02 USD

2022-01-10 * "Investing 60% of cash in RGAGX"
  Assets:US:Vanguard:RGAGX                          2.853 RGAGX {126.19 USD, 2022-01-10}
  Assets:US:Vanguard:Cash                         -360.02 USD

2022-01-21 * "Employer match for contribution"
  Assets:US:Vanguard:Cash                          600.00 USD
  Income:US:Hooli:Match401k                       -600.00 USD

2022-01-24 * "Investing 40% of cash in VBMPX"
  Assets:US:Vanguard:VBMPX                          5.249 VBMPX {91.43 USD, 2022-01-24}
  Assets:US:Vanguard:Cash                         -479.92 USD

2022-01-24 * "Investing 60% of cash in RGAGX"
  Assets:US:Vanguard:RGAGX                          5.763 RGAGX {124.93 USD, 2022-01-24}
  Assets:US:Vanguard:Cash                         -719.97 USD

2022-01-24 * "Investing 40% of cash in VBMPX"
  Assets:US:Vanguard:VBMPX                          2.625 VBMPX {91.43 USD, 2022-01-24}
  Assets:US:Vanguard:Cash                         -240.00 USD

2022-01-24 * "Investing 60% of cash in RGAGX"
  Assets:US:Vanguard:RGAGX                          2.882 RGAGX {124.93 USD, 2022-01-24}
  Assets:US:Vanguard:Cash                         -360.05 USD

2022-02-04 * "Employer match for contribution"
  Assets:US:Vanguard:Cash                          600.00 USD
  Income:US:Hooli:Match401k                       -600.00 USD

2022-02-07 * "Investing 40% of cash in VBMPX"
  Assets:US:Vanguard:VBMPX                          5.183 VBMPX {92.60 USD, 2022-02-07}
  Assets:US:Vanguard:Cash                         -479.95 USD

2022-02-07 * "Investing 60% of cash in RGAGX"
  Assets:US:Vanguard:RGAGX                          5.829 RGAGX {123.51 USD, 2022-02-07}
  Assets:US:Vanguard:Cash                         -719.94 USD

2022-02-07 * "Investing 40% of cash in VBMPX"
  Assets:US:Vanguard:VBMPX                          2.592 VBMPX {92.60 USD, 2022-02-07}
  Assets:US:Vanguard:Cash                         -240.02 USD

2022-02-07 * "Investing 60% of cash in RGAGX"
  Assets:US:Vanguard:RGAGX                          2.915 RGAGX {123.51 USD, 2022-02-07}
  Assets:US:Vanguard:Cash                         -360.03 USD

2022-02-18 * "Employer match for contribution"
  Assets:US:Vanguard:Cash                          600.00 USD
  Income:US:Hooli:Match401k                       -600.00 USD

2022-02-21 * "Investing 40% of cash in VBMPX"
  Assets:US:Vanguard:VBMPX                          5.122 VBMPX {93.71 USD, 2022-02-21}
  Assets:US:Vanguard:Cash                         -479.98 USD

2022-02-21 * "Investing 60% of cash in RGAGX"
  Assets:US:Vanguard:RGAGX                          5.855 RGAGX {122.97 USD, 2022-02-21}
  Assets:US:Vanguard:Cash                         -719.99 USD

2022-02-21 * "Investing 40% of cash in VBMPX"
  Assets:US:Vanguard:VBMPX                          2.561 VBMPX {93.71 USD, 2022-02-21}
  Assets:US:Vanguard:Cash                         -239.99 USD

2022-02-21 * "Investing 60% of cash in RGAGX"
  Assets:US:Vanguard:RGAGX                          2.928 RGAGX {122.97 USD, 2022-02-21}
  Assets:US:Vanguard:Cash                         -360.06 USD

2022-03-04 * "Employer match for contribution"
  Assets:US:Vanguard:Cash                          600.00 USD
  Income:US:Hooli:Match401k                       -600.00 USD

2022-03-07 * "Investing 40% of cash in VBMPX"
  Assets:US:Vanguard:VBMPX                          5.006 VBMPX {95.88 USD, 2022-03-07}
  Assets:US:Vanguard:Cash                         -479.98 USD

2022-03-07 * "Investing 60% of cash in RGAGX"
  Assets:US:Vanguard:RGAGX                          5.830 RGAGX {123.50 USD, 2022-03-07}
  Assets:US:Vanguard:Cash                         -720.00 USD

2022-03-07 * "Investing 40% of cash in VBMPX"
  Assets:US:Vanguard:VBMPX                          2.503 VBMPX {95.88 USD, 2022-03-07}
  Assets:US:Vanguard:Cash                         -239.99 USD

2022-03-07 * "Investing 60% of cash in RGAGX"
  Assets:US:Vanguard:RGAGX                          2.915 RGAGX {123.50 USD, 2022-03-07}
  Assets:US:Vanguard:Cash                         -360.00 USD

2022-03-18 * "Employer match for contribution"
  Assets:US:Vanguard:Cash                          600.00 USD
  Income:US:Hooli:Match401k                       -600.00 USD

2022-03-21 * "Investing 40% of cash in VBMPX"
  Assets:US:Vanguard:VBMPX                          4.825 VBMPX {99.48 USD, 2022-03-21}
  Assets:US:Vanguard:Cash                         -479.99 USD

2022-03-21 * "Investing 60% of cash in RGAGX"
  Assets:US:Vanguard:RGAGX                          5.784 RGAGX {124.49 USD, 2022-03-21}
  Assets:US:Vanguard:Cash                         -720.05 USD

2022-03-21 * "Investing 40% of cash in VBMPX"
  Assets:US:Vanguard:VBMPX                          2.412 VBMPX {99.48 USD, 2022-03-21}
  Assets:US:Vanguard:Cash                         -239.95 USD

2022-03-21 * "Investing 60% of cash in RGAGX"
  Assets:US:Vanguard:RGAGX                          2.892 RGAGX {124.49 USD, 2022-03-21}
  Assets:US:Vanguard:Cash                         -360.03 USD

2022-04-01 * "Employer match for contribution"
  Assets:US:Vanguard:Cash                          600.00 USD
  Income:US:Hooli:Match401k                       -600.00 USD

2022-04-04 * "Investing 40% of cash in VBMPX"
  Assets:US:Vanguard:VBMPX                          4.790 VBMPX {100.20 USD, 2022-04-04}
  Assets:US:Vanguard:Cash                         -479.96 USD

2022-04-04 * "Investing 60% of cash in RGAGX"
  Assets:US:Vanguard:RGAGX                          5.848 RGAGX {123.11 USD, 2022-04-04}
  Assets:US:Vanguard:Cash                         -719.95 USD

2022-04-04 * "Investing 40% of cash in VBMPX"
  Assets:US:Vanguard:VBMPX                          2.396 VBMPX {100.20 USD, 2022-04-04}
  Assets:US:Vanguard:Cash                         -240.08 USD

2022-04-04 * "Investing 60% of cash in RGAGX"
  Assets:US:Vanguard:RGAGX                          2.925 RGAGX {123.11 USD, 2022-04-04}
  Assets:US:Vanguard:Cash                         -360.10 USD

2022-04-15 * "Employer match for contribution"
  Assets:US:Vanguard:Cash                          600.00 USD
  Income:US:Hooli:Match401k                       -600.00 USD

2022-04-18 * "Investing 40% of cash in VBMPX"
  Assets:US:Vanguard:VBMPX                          4.809 VBMPX {99.81 USD, 2022-04-18}
  Assets:US:Vanguard:Cash                         -479.99 USD

2022-04-18 * "Investing 60% of cash in RGAGX"
  Assets:US:Vanguard:RGAGX                          5.814 RGAGX {123.84 USD, 2022-04-18}
  Assets:US:Vanguard:Cash                         -720.01 USD

2022-04-18 * "Investing 40% of cash in VBMPX"
  Assets:US:Vanguard:VBMPX                          2.404 VBMPX {99.81 USD, 2022-04-18}
  Assets:US:Vanguard:Cash                         -239.94 USD

2022-04-18 * "Investing 60% of cash in RGAGX"
  Assets:US:Vanguard:RGAGX                          2.907 RGAGX {123.84 USD, 2022-04-18}
  Assets:US:Vanguard:Cash                         -360.00 USD

2022-04-29 * "Employer match for contribution"
  Assets:US:Vanguard:Cash                          600.00 USD
  Income:US:Hooli:Match401k                       -600.00 USD

2022-05-02 * "Investing 40% of cash in VBMPX"
  Assets:US:Vanguard:VBMPX                          4.662 VBMPX {102.96 USD, 2022-05-02}
  Assets:US:Vanguard:Cash                         -480.00 USD

2022-05-02 * "Investing 60% of cash in RGAGX"
  Assets:US:Vanguard:RGAGX                          5.869 RGAGX {122.68 USD, 2022-05-02}
  Assets:US:Vanguard:Cash                         -720.01 USD

2022-05-02 * "Investing 40% of cash in VBMPX"
  Assets:US:Vanguard:VBMPX                          2.331 VBMPX {102.96 USD, 2022-05-02}
  Assets:US:Vanguard:Cash                         -240.00 USD

2022-05-02 * "Investing 60% of cash in RGAGX"
  Assets:US:Vanguard:RGAGX                          2.934 RGAGX {122.68 USD, 2022-05-02}
  Assets:US:Vanguard:Cash                         -359.94 USD

2022-05-13 * "Employer match for contribution"
  Assets:US:Vanguard:Cash                          600.00 USD
  Income:US:Hooli:Match401k                       -600.00 USD

2022-05-16 * "Investing 40% of cash in VBMPX"
  Assets:US:Vanguard:VBMPX                          4.547 VBMPX {105.57 USD, 2022-05-16}
  Assets:US:Vanguard:Cash                         -480.03 USD

2022-05-16 * "Investing 60% of cash in RGAGX"
  Assets:US:Vanguard:RGAGX                          5.786 RGAGX {124.45 USD, 2022-05-16}
  Assets:US:Vanguard:Cash                         -720.07 USD

2022-05-16 * "Investing 40% of cash in VBMPX"
  Assets:US:Vanguard:VBMPX                          2.273 VBMPX {105.57 USD, 2022-05-16}
  Assets:US:Vanguard:Cash                         -239.96 USD

2022-05-16 * "Investing 60% of cash in RGAGX"
  Assets:US:Vanguard:RGAGX                          2.892 RGAGX {124.45 USD, 2022-05-16}
  Assets:US:Vanguard:Cash                         -359.91 USD

2022-05-27 * "Employer match for contribution"
  Assets:US:Vanguard:Cash                          600.00 USD
  Income:US:Hooli:Match401k                       -600.00 USD

2022-05-30 * "Investing 40% of cash in VBMPX"
  Assets:US:Vanguard:VBMPX                          4.710 VBMPX {101.91 USD, 2022-05-30}
  Assets:US:Vanguard:Cash                         -480.00 USD

2022-05-30 * "Investing 60% of cash in RGAGX"
  Assets:US:Vanguard:RGAGX                          5.849 RGAGX {123.10 USD, 2022-05-30}
  Assets:US:Vanguard:Cash                         -720.01 USD

2022-05-30 * "Investing 40% of cash in VBMPX"
  Assets:US:Vanguard:VBMPX                          2.355 VBMPX {101.91 USD, 2022-05-30}
  Assets:US:Vanguard:Cash                         -240.00 USD

2022-05-30 * "Investing 60% of cash in RGAGX"
  Assets:US:Vanguard:RGAGX                          2.925 RGAGX {123.10 USD, 2022-05-30}
  Assets:US:Vanguard:Cash                         -360.07 USD

2022-06-10 * "Employer match for contribution"
  Assets:US:Vanguard:Cash                          600.00 USD
  Income:US:Hooli:Match401k                       -600.00 USD

2022-06-13 * "Investing 40% of cash in VBMPX"
  Assets:US:Vanguard:VBMPX                          4.580 VBMPX {104.81 USD, 2022-06-13}
  Assets:US:Vanguard:Cash                         -480.03 USD

2022-06-13 * "Investing 60% of cash in RGAGX"
  Assets:US:Vanguard:RGAGX                          5.826 RGAGX {123.58 USD, 2022-06-13}
  Assets:US:Vanguard:Cash                         -719.98 USD

2022-06-13 * "Investing 40% of cash in VBMPX"
  Assets:US:Vanguard:VBMPX                          2.290 VBMPX {104.81 USD, 2022-06-13}
  Assets:US:Vanguard:Cash                         -240.01 USD

2022-06-13 * "Investing 60% of cash in RGAGX"
  Assets:US:Vanguard:RGAGX                          2.913 RGAGX {123.58 USD, 2022-06-13}
  Assets:US:Vanguard:Cash                         -359.99 USD

2022-06-24 * "Employer match for contribution"
  Assets:US:Vanguard:Cash                          600.00 USD
  Income:US:Hooli:Match401k                       -600.00 USD

2022-06-27 * "Investing 40% of cash in VBMPX"
  Assets:US:Vanguard:VBMPX                          4.570 VBMPX {105.04 USD, 2022-06-27}
  Assets:US:Vanguard:Cash                         -480.03 USD

2022-06-27 * "Investing 60% of cash in RGAGX"
  Assets:US:Vanguard:RGAGX                          5.784 RGAGX {124.47 USD, 2022-06-27}
  Assets:US:Vanguard:Cash                         -719.93 USD

2022-06-27 * "Investing 40% of cash in VBMPX"
  Assets:US:Vanguard:VBMPX                          2.285 VBMPX {105.04 USD, 2022-06-27}
  Assets:US:Vanguard:Cash                         -240.02 USD

2022-06-27 * "Investing 60% of cash in RGAGX"
  Assets:US:Vanguard:RGAGX                          2.892 RGAGX {124.47 USD, 2022-06-27}
  Assets:US:Vanguard:Cash                         -359.97 USD

2022-07-08 * "Employer match for contribution"
  Assets:US:Vanguard:Cash                          600.00 USD
  Income:US:Hooli:Match401k                       -600.00 USD

2022-07-11 * "Investing 40% of cash in VBMPX"
  Assets:US:Vanguard:VBMPX                          4.533 VBMPX {105.89 USD, 2022-07-11}
  Assets:US:Vanguard:Cash                         -480.00 USD

2022-07-11 * "Investing 60% of cash in RGAGX"
  Assets:US:Vanguard:RGAGX                          5.728 RGAGX {125.71 USD, 2022-07-11}
  Assets:US:Vanguard:Cash                         -720.07 USD

2022-07-11 * "Investing 40% of cash in VBMPX"
  Assets:US:Vanguard:VBMPX                          2.266 VBMPX {105.89 USD, 2022-07-11}
  Assets:US:Vanguard:Cash                         -239.95 USD

2022-07-11 * "Investing 60% of cash in RGAGX"
  Assets:US:Vanguard:RGAGX                          2.863 RGAGX {125.71 USD, 2022-07-11}
  Assets:US:Vanguard:Cash                         -359.91 USD

2022-07-22 * "Employer match for contribution"
  Assets:US:Vanguard:Cash                          600.00 USD
  Income:US:Hooli:Match401k                       -600.00 USD

2022-07-25 * "Investing 40% of cash in VBMPX"
  Assets:US:Vanguard:VBMPX                          4.387 VBMPX {109.43 USD, 2022-07-25}
  Assets:US:Vanguard:Cash                         -480.07 USD

2022-07-25 * "Investing 60% of cash in RGAGX"
  Assets:US:Vanguard:RGAGX                          5.537 RGAGX {130.04 USD, 2022-07-25}
  Assets:US:Vanguard:Cash                         -720.03 USD

2022-07-25 * "Investing 40% of cash in VBMPX"
  Assets:US:Vanguard:VBMPX                          2.193 VBMPX {109.43 USD, 2022-07-25}
  Assets:US:Vanguard:Cash                         -239.98 USD

2022-07-25 * "Investing 60% of cash in RGAGX"
  Assets:US:Vanguard:RGAGX                          2.768 RGAGX {130.04 USD, 2022-07-25}
  Assets:US:Vanguard:Cash                         -359.95 USD

2022-08-05 * "Employer match for contribution"
  Assets:US:Vanguard:Cash                          250.00 USD
  Income:US:Hooli:Match401k                       -250.00 USD

2022-08-08 * "Investing 40% of cash in VBMPX"
  Assets:US:Vanguard:VBMPX                          1.788 VBMPX {111.84 USD, 2022-08-08}
  Assets:US:Vanguard:Cash                         -199.97 USD

2022-08-08 * "Investing 60% of cash in RGAGX"
  Assets:US:Vanguard:RGAGX                          2.275 RGAGX {131.86 USD, 2022-08-08}
  Assets:US:Vanguard:Cash                         -299.98 USD

2022-08-08 * "Investing 40% of cash in VBMPX"
  Assets:US:Vanguard:VBMPX                          0.894 VBMPX {111.84 USD, 2022-08-08}
  Assets:US:Vanguard:Cash                          -99.98 USD

2022-08-08 * "Investing 60% of cash in RGAGX"
  Assets:US:Vanguard:RGAGX                          1.138 RGAGX {131.86 USD, 2022-08-08}
  Assets:US:Vanguard:Cash                         -150.06 USD

2023-01-06 * "Employer match for contribution"
  Assets:US:Vanguard:Cash                          600.00 USD
  Income:US:Hooli:Match401k                       -600.00 USD

2023-01-09 * "Investing 40% of cash in VBMPX"
  Assets:US:Vanguard:VBMPX                          3.679 VBMPX {130.47 USD, 2023-01-09}
  Assets:US:Vanguard:Cash                         -480.00 USD

2023-01-09 * "Investing 60% of cash in RGAGX"
  Assets:US:Vanguard:RGAGX                          5.005 RGAGX {143.86 USD, 2023-01-09}
  Assets:US:Vanguard:Cash                         -720.02 USD

2023-01-09 * "Investing 40% of cash in VBMPX"
  Assets:US:Vanguard:VBMPX                          1.840 VBMPX {130.47 USD, 2023-01-09}
  Assets:US:Vanguard:Cash                         -240.06 USD

2023-01-09 * "Investing 60% of cash in RGAGX"
  Assets:US:Vanguard:RGAGX                          2.503 RGAGX {143.86 USD, 2023-01-09}
  Assets:US:Vanguard:Cash                         -360.08 USD

2023-01-20 * "Employer match for contribution"
  Assets:US:Vanguard:Cash                          600.00 USD
  Income:US:Hooli:Match401k                       -600.00 USD

2023-01-23 * "Investing 40% of cash in VBMPX"
  Assets:US:Vanguard:VBMPX                          3.710 VBMPX {129.38 USD, 2023-01-23}
  Assets:US:Vanguard:Cash                         -480.00 USD

2023-01-23 * "Investing 60% of cash in RGAGX"
  Assets:US:Vanguard:RGAGX                          4.966 RGAGX {144.96 USD, 2023-01-23}
  Assets:US:Vanguard:Cash                         -719.87 USD

2023-01-23 * "Investing 40% of cash in VBMPX"
  Assets:US:Vanguard:VBMPX                          1.855 VBMPX {129.38 USD, 2023-01-23}
  Assets:US:Vanguard:Cash                         -240.00 USD

2023-01-23 * "Investing 60% of cash in RGAGX"
  Assets:US:Vanguard:RGAGX                          2.484 RGAGX {144.96 USD, 2023-01-23}
  Assets:US:Vanguard:Cash                         -360.08 USD

2023-02-03 * "Employer match for contribution"
  Assets:US:Vanguard:Cash                          600.00 USD
  Income:US:Hooli:Match401k                       -600.00 USD

2023-02-06 * "Investing 40% of cash in VBMPX"
  Assets:US:Vanguard:VBMPX                          3.781 VBMPX {126.95 USD, 2023-02-06}
  Assets:US:Vanguard:Cash                         -480.00 USD

2023-02-06 * "Investing 60% of cash in RGAGX"
  Assets:US:Vanguard:RGAGX                          4.923 RGAGX {146.25 USD, 2023-02-06}
  Assets:US:Vanguard:Cash                         -719.99 USD

2023-02-06 * "Investing 40% of cash in VBMPX"
  Assets:US:Vanguard:VBMPX                          1.890 VBMPX {126.95 USD, 2023-02-06}
  Assets:US:Vanguard:Cash                         -239.94 USD

2023-02-06 * "Investing 60% of cash in RGAGX"
  Assets:US:Vanguard:RGAGX                          2.461 RGAGX {146.25 USD, 2023-02-06}
  Assets:US:Vanguard:Cash                         -359.92 USD

2023-02-17 * "Employer match for contribution"
  Assets:US:Vanguard:Cash                          600.00 USD
  Income:US:Hooli:Match401k                       -600.00 USD

2023-02-20 * "Investing 40% of cash in VBMPX"
  Assets:US:Vanguard:VBMPX                          3.863 VBMPX {124.28 USD, 2023-02-20}
  Assets:US:Vanguard:Cash                         -480.09 USD

2023-02-20 * "Investing 60% of cash in RGAGX"
  Assets:US:Vanguard:RGAGX                          4.936 RGAGX {145.87 USD, 2023-02-20}
  Assets:US:Vanguard:Cash                         -720.01 USD

2023-02-20 * "Investing 40% of cash in VBMPX"
  Assets:US:Vanguard:VBMPX                          1.931 VBMPX {124.28 USD, 2023-02-20}
  Assets:US:Vanguard:Cash                         -239.98 USD

2023-02-20 * "Investing 60% of cash in RGAGX"
  Assets:US:Vanguard:RGAGX                          2.468 RGAGX {145.87 USD, 2023-02-20}
  Assets:US:Vanguard:Cash                         -360.01 USD

2023-03-03 * "Employer match for contribution"
  Assets:US:Vanguard:Cash                          600.00 USD
  Income:US:Hooli:Match401k                       -600.00 USD

2023-03-06 * "Investing 40% of cash in VBMPX"
  Assets:US:Vanguard:VBMPX                          3.650 VBMPX {131.51 USD, 2023-03-06}
  Assets:US:Vanguard:Cash                         -480.01 USD

2023-03-06 * "Investing 60% of cash in RGAGX"
  Assets:US:Vanguard:RGAGX                          4.917 RGAGX {146.43 USD, 2023-03-06}
  Assets:US:Vanguard:Cash                         -720.00 USD

2023-03-06 * "Investing 40% of cash in VBMPX"
  Assets:US:Vanguard:VBMPX                          1.825 VBMPX {131.51 USD, 2023-03-06}
  Assets:US:Vanguard:Cash                         -240.01 USD

2023-03-06 * "Investing 60% of cash in RGAGX"
  Assets:US:Vanguard:RGAGX                          2.459 RGAGX {146.43 USD, 2023-03-06}
  Assets:US:Vanguard:Cash                         -360.07 USD

2023-03-17 * "Employer match for contribution"
  Assets:US:Vanguard:Cash                          600.00 USD
  Income:US:Hooli:Match401k                       -600.00 USD

2023-03-20 * "Investing 40% of cash in VBMPX"
  Assets:US:Vanguard:VBMPX                          3.515 VBMPX {136.53 USD, 2023-03-20}
  Assets:US:Vanguard:Cash                         -479.90 USD

2023-03-20 * "Investing 60% of cash in RGAGX"
  Assets:US:Vanguard:RGAGX                          4.932 RGAGX {145.98 USD, 2023-03-20}
  Assets:US:Vanguard:Cash                         -719.97 USD

2023-03-20 * "Investing 40% of cash in VBMPX"
  Assets:US:Vanguard:VBMPX                          1.758 VBMPX {136.53 USD, 2023-03-20}
  Assets:US:Vanguard:Cash                         -240.02 USD

2023-03-20 * "Investing 60% of cash in RGAGX"
  Assets:US:Vanguard:RGAGX                          2.466 RGAGX {145.98 USD, 2023-03-20}
  Assets:US:Vanguard:Cash                         -359.99 USD

2023-03-31 * "Employer match for contribution"
  Assets:US:Vanguard:Cash                          600.00 USD
  Income:US:Hooli:Match401k                       -600.00 USD

2023-04-03 * "Investing 40% of cash in VBMPX"
  Assets:US:Vanguard:VBMPX                          3.431 VBMPX {139.90 USD, 2023-04-03}
  Assets:US:Vanguard:Cash                         -480.00 USD

2023-04-03 * "Investing 60% of cash in RGAGX"
  Assets:US:Vanguard:RGAGX                          4.977 RGAGX {144.68 USD, 2023-04-03}
  Assets:US:Vanguard:Cash                         -720.07 USD

2023-04-03 * "Investing 40% of cash in VBMPX"
  Assets:US:Vanguard:VBMPX                          1.715 VBMPX {139.90 USD, 2023-04-03}
  Assets:US:Vanguard:Cash                         -239.93 USD

2023-04-03 * "Investing 60% of cash in RGAGX"
  Assets:US:Vanguard:RGAGX                          2.488 RGAGX {144.68 USD, 2023-04-03}
  Assets:US:Vanguard:Cash                         -359.96 USD

2023-04-14 * "Employer match for contribution"
  Assets:US:Vanguard:Cash                          600.00 USD
  Income:US:Hooli:Match401k                       -600.00 USD

2023-04-17 * "Investing 40% of cash in VBMPX"
  Assets:US:Vanguard:VBMPX                          3.509 VBMPX {136.80 USD, 2023-04-17}
  Assets:US:Vanguard:Cash                         -480.03 USD

2023-04-17 * "Investing 60% of cash in RGAGX"
  Assets:US:Vanguard:RGAGX                          4.937 RGAGX {145.85 USD, 2023-04-17}
  Assets:US:Vanguard:Cash                         -720.06 USD

2023-04-17 * "Investing 40% of cash in VBMPX"
  Assets:US:Vanguard:VBMPX                          1.754 VBMPX {136.80 USD, 2023-04-17}
  Assets:US:Vanguard:Cash                         -239.95 USD

2023-04-17 * "Investing 60% of cash in RGAGX"
  Assets:US:Vanguard:RGAGX                          2.468 RGAGX {145.85 USD, 2023-04-17}
  Assets:US:Vanguard:Cash                         -359.96 USD

2023-04-28 * "Employer match for contribution"
  Assets:US:Vanguard:Cash                          600.00 USD
  Income:US:Hooli:Match401k                       -600.00 USD

2023-05-01 * "Investing 40% of cash in VBMPX"
  Assets:US:Vanguard:VBMPX                          3.404 VBMPX {141.00 USD, 2023-05-01}
  Assets:US:Vanguard:Cash                         -479.96 USD

2023-05-01 * "Investing 60% of cash in RGAGX"
  Assets:US:Vanguard:RGAGX                          4.989 RGAGX {144.33 USD, 2023-05-01}
  Assets:US:Vanguard:Cash                         -720.06 USD

2023-05-01 * "Investing 40% of cash in VBMPX"
  Assets:US:Vanguard:VBMPX                          1.702 VBMPX {141.00 USD, 2023-05-01}
  Assets:US:Vanguard:Cash                         -239.98 USD

2023-05-01 * "Investing 60% of cash in RGAGX"
  Assets:US:Vanguard:RGAGX                          2.495 RGAGX {144.33 USD, 2023-05-01}
  Assets:US:Vanguard:Cash                         -360.10 USD

2023-05-12 * "Employer match for contribution"
  Assets:US:Vanguard:Cash                          600.00 USD
  Income:US:Hooli:Match401k                       -600.00 USD

2023-05-15 * "Investing 40% of cash in VBMPX"
  Assets:US:Vanguard:VBMPX                          3.325 VBMPX {144.36 USD, 2023-05-15}
  Assets:US:Vanguard:Cash                         -480.00 USD

2023-05-15 * "Investing 60% of cash in RGAGX"
  Assets:US:Vanguard:RGAGX                          4.908 RGAGX {146.71 USD, 2023-05-15}
  Assets:US:Vanguard:Cash                         -720.05 USD

2023-05-15 * "Investing 40% of cash in VBMPX"
  Assets:US:Vanguard:VBMPX                          1.662 VBMPX {144.36 USD, 2023-05-15}
  Assets:US:Vanguard:Cash                         -239.93 USD

2023-05-15 * "Investing 60% of cash in RGAGX"
  Assets:US:Vanguard:RGAGX                          2.454 RGAGX {146.71 USD, 2023-05-15}
  Assets:US:Vanguard:Cash                         -360.03 USD

2023-05-26 * "Employer match for contribution"
  Assets:US:Vanguard:Cash                          600.00 USD
  Income:US:Hooli:Match401k                       -600.00 USD

2023-05-29 * "Investing 40% of cash in VBMPX"
  Assets:US:Vanguard:VBMPX                          3.443 VBMPX {139.40 USD, 2023-05-29}
  Assets:US:Vanguard:Cash                         -479.95 USD

2023-05-29 * "Investing 60% of cash in RGAGX"
  Assets:US:Vanguard:RGAGX                          4.909 RGAGX {146.68 USD, 2023-05-29}
  Assets:US:Vanguard:Cash                         -720.05 USD

2023-05-29 * "Investing 40% of cash in VBMPX"
  Assets:US:Vanguard:VBMPX                          1.722 VBMPX {139.40 USD, 2023-05-29}
  Assets:US:Vanguard:Cash                         -240.05 USD

2023-05-29 * "Investing 60% of cash in RGAGX"
  Assets:US:Vanguard:RGAGX                          2.454 RGAGX {146.68 USD, 2023-05-29}
  Assets:US:Vanguard:Cash                         -359.95 USD

2023-06-09 * "Employer match for contribution"
  Assets:US:Vanguard:Cash                          600.00 USD
  Income:US:Hooli:Match401k                       -600.00 USD

2023-06-12 * "Investing 40% of cash in VBMPX"
  Assets:US:Vanguard:VBMPX                          3.433 VBMPX {139.83 USD, 2023-06-12}
  Assets:US:Vanguard:Cash                         -480.04 USD

2023-06-12 * "Investing 60% of cash in RGAGX"
  Assets:US:Vanguard:RGAGX                          4.941 RGAGX {145.73 USD, 2023-06-12}
  Assets:US:Vanguard:Cash                         -720.05 USD

2023-06-12 * "Investing 40% of cash in VBMPX"
  Assets:US:Vanguard:VBMPX                          1.716 VBMPX {139.83 USD, 2023-06-12}
  Assets:US:Vanguard:Cash                         -239.95 USD

2023-06-12 * "Investing 60% of cash in RGAGX"
  Assets:US:Vanguard:RGAGX                          2.470 RGAGX {145.73 USD, 2023-06-12}
  Assets:US:Vanguard:Cash                         -359.95 USD

2023-06-23 * "Employer match for contribution"
  Assets:US:Vanguard:Cash                          600.00 USD
  Income:US:Hooli:Match401k                       -600.00 USD

2023-06-26 * "Investing 40% of cash in VBMPX"
  Assets:US:Vanguard:VBMPX                          3.464 VBMPX {138.57 USD, 2023-06-26}
  Assets:US:Vanguard:Cash                         -480.01 USD

2023-06-26 * "Investing 60% of cash in RGAGX"
  Assets:US:Vanguard:RGAGX                          4.976 RGAGX {144.70 USD, 2023-06-26}
  Assets:US:Vanguard:Cash                         -720.03 USD

2023-06-26 * "Investing 40% of cash in VBMPX"
  Assets:US:Vanguard:VBMPX                          1.732 VBMPX {138.57 USD, 2023-06-26}
  Assets:US:Vanguard:Cash                         -240.00 USD

2023-06-26 * "Investing 60% of cash in RGAGX"
  Assets:US:Vanguard:RGAGX                          2.488 RGAGX {144.70 USD, 2023-06-26}
  Assets:US:Vanguard:Cash                         -360.01 USD

2023-07-07 * "Employer match for contribution"
  Assets:US:Vanguard:Cash                          600.00 USD
  Income:US:Hooli:Match401k                       -600.00 USD

2023-07-10 * "Investing 40% of cash in VBMPX"
  Assets:US:Vanguard:VBMPX                          3.448 VBMPX {139.20 USD, 2023-07-10}
  Assets:US:Vanguard:Cash                         -479.96 USD

2023-07-10 * "Investing 60% of cash in RGAGX"
  Assets:US:Vanguard:RGAGX                          4.986 RGAGX {144.39 USD, 2023-07-10}
  Assets:US:Vanguard:Cash                         -719.93 USD

2023-07-10 * "Investing 40% of cash in VBMPX"
  Assets:US:Vanguard:VBMPX                          1.724 VBMPX {139.20 USD, 2023-07-10}
  Assets:US:Vanguard:Cash                         -239.98 USD

2023-07-10 * "Investing 60% of cash in RGAGX"
  Assets:US:Vanguard:RGAGX                          2.493 RGAGX {144.39 USD, 2023-07-10}
  Assets:US:Vanguard:Cash                         -359.96 USD

2023-07-21 * "Employer match for contribution"
  Assets:US:Vanguard:Cash                          600.00 USD
  Income:US:Hooli:Match401k                       -600.00 USD

2023-07-24 * "Investing 40% of cash in VBMPX"
  Assets:US:Vanguard:VBMPX                          3.402 VBMPX {141.09 USD, 2023-07-24}
  Assets:US:Vanguard:Cash                         -479.99 USD

2023-07-24 * "Investing 60% of cash in RGAGX"
  Assets:US:Vanguard:RGAGX                          4.941 RGAGX {145.73 USD, 2023-07-24}
  Assets:US:Vanguard:Cash                         -720.05 USD

2023-07-24 * "Investing 40% of cash in VBMPX"
  Assets:US:Vanguard:VBMPX                          1.701 VBMPX {141.09 USD, 2023-07-24}
  Assets:US:Vanguard:Cash                         -239.99 USD

2023-07-24 * "Investing 60% of cash in RGAGX"
  Assets:US:Vanguard:RGAGX                          2.471 RGAGX {145.73 USD, 2023-07-24}
  Assets:US:Vanguard:Cash                         -360.10 USD

2023-08-04 * "Employer match for contribution"
  Assets:US:Vanguard:Cash                          250.00 USD
  Income:US:Hooli:Match401k                       -250.00 USD

2023-08-07 * "Investing 40% of cash in VBMPX"
  Assets:US:Vanguard:VBMPX                          1.485 VBMPX {134.69 USD, 2023-08-07}
  Assets:US:Vanguard:Cash                         -200.01 USD

2023-08-07 * "Investing 60% of cash in RGAGX"
  Assets:US:Vanguard:RGAGX                          2.069 RGAGX {144.97 USD, 2023-08-07}
  Assets:US:Vanguard:Cash                         -299.94 USD

2023-08-07 * "Investing 40% of cash in VBMPX"
  Assets:US:Vanguard:VBMPX                          0.743 VBMPX {134.69 USD, 2023-08-07}
  Assets:US:Vanguard:Cash                         -100.07 USD

2023-08-07 * "Investing 60% of cash in RGAGX"
  Assets:US:Vanguard:RGAGX                          1.035 RGAGX {144.97 USD, 2023-08-07}
  Assets:US:Vanguard:Cash                         -150.04 USD

2024-01-05 * "Employer match for contribution"
  Assets:US:Vanguard:Cash                          600.00 USD
  Income:US:Hooli:Match401k                       -600.00 USD

2024-01-08 * "Investing 40% of cash in VBMPX"
  Assets:US:Vanguard:VBMPX                          3.154 VBMPX {152.17 USD, 2024-01-08}
  Assets:US:Vanguard:Cash                         -479.94 USD

2024-01-08 * "Investing 60% of cash in RGAGX"
  Assets:US:Vanguard:RGAGX                          4.693 RGAGX {153.40 USD, 2024-01-08}
  Assets:US:Vanguard:Cash                         -719.91 USD

2024-01-08 * "Investing 40% of cash in VBMPX"
  Assets:US:Vanguard:VBMPX                          1.577 VBMPX {152.17 USD, 2024-01-08}
  Assets:US:Vanguard:Cash                         -239.97 USD

2024-01-08 * "Investing 60% of cash in RGAGX"
  Assets:US:Vanguard:RGAGX                          2.347 RGAGX {153.40 USD, 2024-01-08}
  Assets:US:Vanguard:Cash                         -360.03 USD

2024-01-19 * "Employer match for contribution"
  Assets:US:Vanguard:Cash                          600.00 USD
  Income:US:Hooli:Match401k                       -600.00 USD

2024-01-22 * "Investing 40% of cash in VBMPX"
  Assets:US:Vanguard:VBMPX                          3.246 VBMPX {147.87 USD, 2024-01-22}
  Assets:US:Vanguard:Cash                         -479.99 USD

2024-01-22 * "Investing 60% of cash in RGAGX"
  Assets:US:Vanguard:RGAGX                          4.721 RGAGX {152.52 USD, 2024-01-22}
  Assets:US:Vanguard:Cash                         -720.05 USD

2024-01-22 * "Investing 40% of cash in VBMPX"
  Assets:US:Vanguard:VBMPX                          1.623 VBMPX {147.87 USD, 2024-01-22}
  Assets:US:Vanguard:Cash                         -239.99 USD

2024-01-22 * "Investing 60% of cash in RGAGX"
  Assets:US:Vanguard:RGAGX                          2.360 RGAGX {152.52 USD, 2024-01-22}
  Assets:US:Vanguard:Cash                         -359.95 USD

2024-02-02 * "Employer match for contribution"
  Assets:US:Vanguard:Cash                          600.00 USD
  Income:US:Hooli:Match401k                       -600.00 USD

2024-02-05 * "Investing 40% of cash in VBMPX"
  Assets:US:Vanguard:VBMPX                          3.181 VBMPX {150.92 USD, 2024-02-05}
  Assets:US:Vanguard:Cash                         -480.08 USD

2024-02-05 * "Investing 60% of cash in RGAGX"
  Assets:US:Vanguard:RGAGX                          4.813 RGAGX {149.62 USD, 2024-02-05}
  Assets:US:Vanguard:Cash                         -720.12 USD

2024-02-05 * "Investing 40% of cash in VBMPX"
  Assets:US:Vanguard:VBMPX                          1.590 VBMPX {150.92 USD, 2024-02-05}
  Assets:US:Vanguard:Cash                         -239.96 USD

2024-02-05 * "Investing 60% of cash in RGAGX"
  Assets:US:Vanguard:RGAGX                          2.406 RGAGX {149.62 USD, 2024-02-05}
  Assets:US:Vanguard:Cash                         -359.99 USD

2024-02-16 * "Employer match for contribution"
  Assets:US:Vanguard:Cash                          600.00 USD
  Income:US:Hooli:Match401k                       -600.00 USD

2024-02-19 * "Investing 40% of cash in VBMPX"
  Assets:US:Vanguard:VBMPX                          3.214 VBMPX {149.34 USD, 2024-02-19}
  Assets:US:Vanguard:Cash                         -479.98 USD

2024-02-19 * "Investing 60% of cash in RGAGX"
  Assets:US:Vanguard:RGAGX                          4.742 RGAGX {151.84 USD, 2024-02-19}
  Assets:US:Vanguard:Cash                         -720.03 USD

2024-02-19 * "Investing 40% of cash in VBMPX"
  Assets:US:Vanguard:VBMPX                          1.607 VBMPX {149.34 USD, 2024-02-19}
  Assets:US:Vanguard:Cash                         -239.99 USD

2024-02-19 * "Investing 60% of cash in RGAGX"
  Assets:US:Vanguard:RGAGX                          2.371 RGAGX {151.84 USD, 2024-02-19}
  Assets:US:Vanguard:Cash                         -360.01 USD

2024-03-01 * "Employer match for contribution"
  Assets:US:Vanguard:Cash                          600.00 USD
  Income:US:Hooli:Match401k                       -600.00 USD

2024-03-04 * "Investing 40% of cash in VBMPX"
  Assets:US:Vanguard:VBMPX                          3.115 VBMPX {154.10 USD, 2024-03-04}
  Assets:US:Vanguard:Cash                         -480.02 USD

2024-03-04 * "Investing 60% of cash in RGAGX"
  Assets:US:Vanguard:RGAGX                          4.710 RGAGX {152.84 USD, 2024-03-04}
  Assets:US:Vanguard:Cash                         -719.88 USD

2024-03-04 * "Investing 40% of cash in VBMPX"
  Assets:US:Vanguard:VBMPX                          1.557 VBMPX {154.10 USD, 2024-03-04}
  Assets:US:Vanguard:Cash                         -239.93 USD

2024-03-04 * "Investing 60% of cash in RGAGX"
  Assets:US:Vanguard:RGAGX                          2.355 RGAGX {152.84 USD, 2024-03-04}
  Assets:US:Vanguard:Cash                         -359.94 USD

2024-03-15 * "Employer match for contribution"
  Assets:US:Vanguard:Cash                          600.00 USD
  Income:US:Hooli:Match401k                       -600.00 USD

2024-03-18 * "Investing 40% of cash in VBMPX"
  Assets:US:Vanguard:VBMPX                          3.179 VBMPX {150.99 USD, 2024-03-18}
  Assets:US:Vanguard:Cash                         -480.00 USD

2024-03-18 * "Investing 60% of cash in RGAGX"
  Assets:US:Vanguard:RGAGX                          4.673 RGAGX {154.10 USD, 2024-03-18}
  Assets:US:Vanguard:Cash                         -720.11 USD

2024-03-18 * "Investing 40% of cash in VBMPX"
  Assets:US:Vanguard:VBMPX                          1.590 VBMPX {150.99 USD, 2024-03-18}
  Assets:US:Vanguard:Cash                         -240.07 USD

2024-03-18 * "Investing 60% of cash in RGAGX"
  Assets:US:Vanguard:RGAGX                          2.336 RGAGX {154.10 USD, 2024-03-18}
  Assets:US:Vanguard:Cash                         -359.98 USD

2024-03-29 * "Employer match for contribution"
  Assets:US:Vanguard:Cash                          600.00 USD
  Income:US:Hooli:Match401k                       -600.00 USD

2024-04-01 * "Investing 40% of cash in VBMPX"
  Assets:US:Vanguard:VBMPX                          3.192 VBMPX {150.38 USD, 2024-04-01}
  Assets:US:Vanguard:Cash                         -480.01 USD

2024-04-01 * "Investing 60% of cash in RGAGX"
  Assets:US:Vanguard:RGAGX                          4.570 RGAGX {157.56 USD, 2024-04-01}
  Assets:US:Vanguard:Cash                         -720.05 USD

2024-04-01 * "Investing 40% of cash in VBMPX"
  Assets:US:Vanguard:VBMPX                          1.596 VBMPX {150.38 USD, 2024-04-01}
  Assets:US:Vanguard:Cash                         -240.01 USD

2024-04-01 * "Investing 60% of cash in RGAGX"
  Assets:US:Vanguard:RGAGX                          2.285 RGAGX {157.56 USD, 2024-04-01}
  Assets:US:Vanguard:Cash                         -360.02 USD

2024-04-12 * "Employer match for contribution"
  Assets:US:Vanguard:Cash                          600.00 USD
  Income:US:Hooli:Match401k                       -600.00 USD

2024-04-15 * "Investing 40% of cash in VBMPX"
  Assets:US:Vanguard:VBMPX                          3.229 VBMPX {148.65 USD, 2024-04-15}
  Assets:US:Vanguard:Cash                         -479.99 USD

2024-04-15 * "Investing 60% of cash in RGAGX"
  Assets:US:Vanguard:RGAGX                          4.534 RGAGX {158.77 USD, 2024-04-15}
  Assets:US:Vanguard:Cash                         -719.86 USD

2024-04-15 * "Investing 40% of cash in VBMPX"
  Assets:US:Vanguard:VBMPX                          1.615 VBMPX {148.65 USD, 2024-04-15}
  Assets:US:Vanguard:Cash                         -240.07 USD

2024-04-15 * "Investing 60% of cash in RGAGX"
  Assets:US:Vanguard:RGAGX                          2.268 RGAGX {158.77 USD, 2024-04-15}
  Assets:US:Vanguard:Cash                         -360.09 USD

2024-04-26 * "Employer match for contribution"
  Assets:US:Vanguard:Cash                          600.00 USD
  Income:US:Hooli:Match401k                       -600.00 USD

2024-04-29 * "Investing 40% of cash in VBMPX"
  Assets:US:Vanguard:VBMPX                          3.193 VBMPX {150.32 USD, 2024-04-29}
  Assets:US:Vanguard:Cash                         -479.97 USD

2024-04-29 * "Investing 60% of cash in RGAGX"
  Assets:US:Vanguard:RGAGX                          4.581 RGAGX {157.15 USD, 2024-04-29}
  Assets:US:Vanguard:Cash                         -719.90 USD

2024-04-29 * "Investing 40% of cash in VBMPX"
  Assets:US:Vanguard:VBMPX                          1.597 VBMPX {150.32 USD, 2024-04-29}
  Assets:US:Vanguard:Cash                         -240.06 USD

2024-04-29 * "Investing 60% of cash in RGAGX"
  Assets:US:Vanguard:RGAGX                          2.291 RGAGX {157.15 USD, 2024-04-29}
  Assets:US:Vanguard:Cash                         -360.03 USD

2024-05-10 * "Employer match for contribution"
  Assets:US:Vanguard:Cash                          600.00 USD
  Income:US:Hooli:Match401k                       -600.00 USD

2024-05-13 * "Investing 40% of cash in VBMPX"
  Assets:US:Vanguard:VBMPX                          3.158 VBMPX {151.99 USD, 2024-05-13}
  Assets:US:Vanguard:Cash                         -479.98 USD

2024-05-13 * "Investing 60% of cash in RGAGX"
  Assets:US:Vanguard:RGAGX                          4.675 RGAGX {154.00 USD, 2024-05-13}
  Assets:US:Vanguard:Cash                         -719.95 USD

2024-05-13 * "Investing 40% of cash in VBMPX"
  Assets:US:Vanguard:VBMPX                          1.579 VBMPX {151.99 USD, 2024-05-13}
  Assets:US:Vanguard:Cash                         -239.99 USD

2024-05-13 * "Investing 60% of cash in RGAGX"
  Assets:US:Vanguard:RGAGX                          2.338 RGAGX {154.00 USD, 2024-05-13}
  Assets:US:Vanguard:Cash                         -360.05 USD

2024-05-24 * "Employer match for contribution"
  Assets:US:Vanguard:Cash                          600.00 USD
  Income:US:Hooli:Match401k                       -600.00 USD

2024-05-27 * "Investing 40% of cash in VBMPX"
  Assets:US:Vanguard:VBMPX                          3.200 VBMPX {150.00 USD, 2024-05-27}
  Assets:US:Vanguard:Cash                         -480.00 USD

2024-05-27 * "Investing 60% of cash in RGAGX"
  Assets:US:Vanguard:RGAGX                          4.656 RGAGX {154.65 USD, 2024-05-27}
  Assets:US:Vanguard:Cash                         -720.05 USD

2024-05-27 * "Investing 40% of cash in VBMPX"
  Assets:US:Vanguard:VBMPX                          1.600 VBMPX {150.00 USD, 2024-05-27}
  Assets:US:Vanguard:Cash                         -240.00 USD

2024-05-27 * "Investing 60% of cash in RGAGX"
  Assets:US:Vanguard:RGAGX                          2.327 RGAGX {154.65 USD, 2024-05-27}
  Assets:US:Vanguard:Cash                         -359.87 USD

2024-06-07 * "Employer match for contribution"
  Assets:US:Vanguard:Cash                          600.00 USD
  Income:US:Hooli:Match401k                       -600.00 USD

2024-06-10 * "Investing 40% of cash in VBMPX"
  Assets:US:Vanguard:VBMPX                          3.355 VBMPX {143.07 USD, 2024-06-10}
  Assets:US:Vanguard:Cash                         -480.00 USD

2024-06-10 * "Investing 60% of cash in RGAGX"
  Assets:US:Vanguard:RGAGX                          4.701 RGAGX {153.17 USD, 2024-06-10}
  Assets:US:Vanguard:Cash                         -720.05 USD

2024-06-10 * "Investing 40% of cash in VBMPX"
  Assets:US:Vanguard:VBMPX                          1.677 VBMPX {143.07 USD, 2024-06-10}
  Assets:US:Vanguard:Cash                         -239.93 USD

2024-06-10 * "Investing 60% of cash in RGAGX"
  Assets:US:Vanguard:RGAGX                          2.350 RGAGX {153.17 USD, 2024-06-10}
  Assets:US:Vanguard:Cash                         -359.95 USD

2024-06-21 * "Employer match for contribution"
  Assets:US:Vanguard:Cash                          600.00 USD
  Income:US:Hooli:Match401k                       -600.00 USD

2024-06-24 * "Investing 40% of cash in VBMPX"
  Assets:US:Vanguard:VBMPX                          3.229 VBMPX {148.68 USD, 2024-06-24}
  Assets:US:Vanguard:Cash                         -480.09 USD

2024-06-24 * "Investing 60% of cash in RGAGX"
  Assets:US:Vanguard:RGAGX                          4.716 RGAGX {152.68 USD, 2024-06-24}
  Assets:US:Vanguard:Cash                         -720.04 USD

2024-06-24 * "Investing 40% of cash in VBMPX"
  Assets:US:Vanguard:VBMPX                          1.614 VBMPX {148.68 USD, 2024-06-24}
  Assets:US:Vanguard:Cash                         -239.97 USD

2024-06-24 * "Investing 60% of cash in RGAGX"
  Assets:US:Vanguard:RGAGX                          2.358 RGAGX {152.68 USD, 2024-06-24}
  Assets:US:Vanguard:Cash                         -360.02 USD

2024-07-05 * "Employer match for contribution"
  Assets:US:Vanguard:Cash                          600.00 USD
  Income:US:Hooli:Match401k                       -600.00 USD

2024-07-08 * "Investing 40% of cash in VBMPX"
  Assets:US:Vanguard:VBMPX                          3.172 VBMPX {151.33 USD, 2024-07-08}
  Assets:US:Vanguard:Cash                         -480.02 USD

2024-07-08 * "Investing 60% of cash in RGAGX"
  Assets:US:Vanguard:RGAGX                          4.680 RGAGX {153.86 USD, 2024-07-08}
  Assets:US:Vanguard:Cash                         -720.06 USD

2024-07-08 * "Investing 40% of cash in VBMPX"
  Assets:US:Vanguard:VBMPX                          1.586 VBMPX {151.33 USD, 2024-07-08}
  Assets:US:Vanguard:Cash                         -240.01 USD

2024-07-08 * "Investing 60% of cash in RGAGX"
  Assets:US:Vanguard:RGAGX                          2.339 RGAGX {153.86 USD, 2024-07-08}
  Assets:US:Vanguard:Cash                         -359.88 USD

2024-07-19 * "Employer match for contribution"
  Assets:US:Vanguard:Cash                          600.00 USD
  Income:US:Hooli:Match401k                       -600.00 USD

2024-07-22 * "Investing 40% of cash in VBMPX"
  Assets:US:Vanguard:VBMPX                          3.125 VBMPX {153.58 USD, 2024-07-22}
  Assets:US:Vanguard:Cash                         -479.94 USD

2024-07-22 * "Investing 60% of cash in RGAGX"
  Assets:US:Vanguard:RGAGX                          4.613 RGAGX {156.10 USD, 2024-07-22}
  Assets:US:Vanguard:Cash                         -720.09 USD

2024-07-22 * "Investing 40% of cash in VBMPX"
  Assets:US:Vanguard:VBMPX                          1.563 VBMPX {153.58 USD, 2024-07-22}
  Assets:US:Vanguard:Cash                         -240.05 USD

2024-07-22 * "Investing 60% of cash in RGAGX"
  Assets:US:Vanguard:RGAGX                          2.306 RGAGX {156.10 USD, 2024-07-22}
  Assets:US:Vanguard:Cash                         -359.97 USD

2024-08-02 * "Employer match for contribution"
  Assets:US:Vanguard:Cash                          250.00 USD
  Income:US:Hooli:Match401k                       -250.00 USD

2024-08-05 * "Investing 40% of cash in VBMPX"
  Assets:US:Vanguard:VBMPX                          1.281 VBMPX {156.12 USD, 2024-08-05}
  Assets:US:Vanguard:Cash                         -199.99 USD

2024-08-05 * "Investing 60% of cash in RGAGX"
  Assets:US:Vanguard:RGAGX                          1.878 RGAGX {159.73 USD, 2024-08-05}
  Assets:US:Vanguard:Cash                         -299.97 USD

2024-08-05 * "Investing 40% of cash in VBMPX"
  Assets:US:Vanguard:VBMPX                          0.641 VBMPX {156.12 USD, 2024-08-05}
  Assets:US:Vanguard:Cash                         -100.07 USD

2024-08-05 * "Investing 60% of cash in RGAGX"
  Assets:US:Vanguard:RGAGX                          0.939 RGAGX {159.73 USD, 2024-08-05}
  Assets:US:Vanguard:Cash                         -149.99 USD



* Sources of Income

2022-01-01 open Income:US:Hooli:Salary                      USD
2022-01-01 open Income:US:Hooli:GroupTermLife               USD
2022-01-01 open Income:US:Hooli:Vacation                    VACHR
2022-01-01 open Assets:US:Hooli:Vacation                    VACHR
2022-01-01 open Expenses:Vacation                               VACHR
2022-01-01 open Expenses:Health:Life:GroupTermLife
2022-01-01 open Expenses:Health:Medical:Insurance
2022-01-01 open Expenses:Health:Dental:Insurance
2022-01-01 open Expenses:Health:Vision:Insurance

2022-01-01 event "employer" "Hooli, 1 Carloston Rd, Mountain Beer, CA"

2022-01-06 * "Hooli" "Payroll"
  Assets:US:BofA:Checking                         1350.60 USD
  Assets:US:Vanguard:Cash                         1200.00 USD
  Income:US:Hooli:Salary                         -4615.38 USD
  Income:US:Hooli:GroupTermLife                    -24.32 USD
  Expenses:Health:Life:GroupTermLife                24.32 USD
  Expenses:Health:Dental:Insurance                   2.90 USD
  Expenses:Health:Medical:Insurance                 27.38 USD
  Expenses:Health:Vision:Insurance                  42.30 USD
  Expenses:Taxes:Y2022:US:Medicare                 106.62 USD
  Expenses:Taxes:Y2022:US:Federal                 1062.92 USD
  Expenses:Taxes:Y2022:US:State                    365.08 USD
  Expenses:Taxes:Y2022:US:CityNYC                  174.92 USD
  Expenses:Taxes:Y2022:US:SDI                        1.12 USD
  Expenses:Taxes:Y2022:US:SocSec                   281.54 USD
  Assets:US:Federal:PreTax401k                   -1200.00 IRAUSD
  Expenses:Taxes:Y2022:US:Federal:PreTax401k      1200.00 IRAUSD
  Assets:US:Hooli:Vacation                              5 VACHR
  Income:US:Hooli:Vacation                             -5 VACHR

2022-01-20 * "Hooli" "Payroll"
  Assets:US:BofA:Checking                         1350.60 USD
  Assets:US:Vanguard:Cash                         1200.00 USD
  Income:US:Hooli:Salary                         -4615.38 USD
  Income:US:Hooli:GroupTermLife                    -24.32 USD
  Expenses:Health:Life:GroupTermLife                24.32 USD
  Expenses:Health:Dental:Insurance                   2.90 USD
  Expenses:Health:Medical:Insurance                 27.38 USD
  Expenses:Health:Vision:Insurance                  42.30 USD
  Expenses:Taxes:Y2022:US:Medicare                 106.62 USD
  Expenses:Taxes:Y2022:US:Federal                 1062.92 USD
  Expenses:Taxes:Y2022:US:State                    365.08 USD
  Expenses:Taxes:Y2022:US:CityNYC                  174.92 USD
  Expenses:Taxes:Y2022:US:SDI                        1.12 USD
  Expenses:Taxes:Y2022:US:SocSec                   281.54 USD
  Assets:US:Federal:PreTax401k                   -1200.00 IRAUSD
  Expenses:Taxes:Y2022:US:Federal:PreTax401k      1200.00 IRAUSD
  Assets:US:Hooli:Vacation                              5 VACHR
  Income:US:Hooli:Vacation                             -5 VACHR

2022-02-03 * "Hooli" "Payroll"
  Assets:US:BofA:Checking                         1350.60 USD
  Assets:US:Vanguard:Cash                         1200.00 USD
  Income:US:Hooli:Salary                         -4615.38 USD
  Income:US:Hooli:GroupTermLife                    -24.32 USD
  Expenses:Health:Life:GroupTermLife                24.32 USD
  Expenses:Health:Dental:Insurance                   2.90 USD
  Expenses:Health:Medical:Insurance                 27.38 USD
  Expenses:Health:Vision:Insurance                  42.30 USD
  Expenses:Taxes:Y2022:US:Medicare                 106.62 USD
  Expenses:Taxes:Y2022:US:Federal                 1062.92 USD
  Expenses:Taxes:Y2022:US:State                    365.08 USD
  Expenses:Taxes:Y2022:US:CityNYC                  174.92 USD
  Expenses:Taxes:Y2022:US:SDI                        1.12 USD
  Expenses:Taxes:Y2022:US:SocSec                   281.54 USD
  Assets:US:Federal:PreTax401k                   -1200.00 IRAUSD
  Expenses:Taxes:Y2022:US:Federal:PreTax401k      1200.00 IRAUSD
  Assets:US:Hooli:Vacation                              5 VACHR
  Income:US:Hooli:Vacation                             -5 VACHR

2022-02-17 * "Hooli" "Payroll"
  Assets:US:BofA:Checking                         1350.60 USD
  Assets:US:Vanguard:Cash                         1200.00 USD
  Income:US:Hooli:Salary                         -4615.38 USD
  Income:US:Hooli:GroupTermLife                    -24.32 USD
  Expenses:Health:Life:GroupTermLife                24.32 USD
  Expenses:Health:Dental:Insurance                   2.90 USD
  Expenses:Health:Medical:Insurance                 27.38 USD
  Expenses:Health:Vision:Insurance                  42.30 USD
  Expenses:Taxes:Y2022:US:Medicare                 106.62 USD
  Expenses:Taxes:Y2022:US:Federal                 1062.92 USD
  Expenses:Taxes:Y2022:US:State                    365.08 USD
  Expenses:Taxes:Y2022:US:CityNYC                  174.92 USD
  Expenses:Taxes:Y2022:US:SDI                        1.12 USD
  Expenses:Taxes:Y2022:US:SocSec                   281.54 USD
  Assets:US:Federal:PreTax401k                   -1200.00 IRAUSD
  Expenses:Taxes:Y2022:US:Federal:PreTax401k      1200.00 IRAUSD
  Assets:US:Hooli:Vacation                              5 VACHR
  Income:US:Hooli:Vacation                             -5 VACHR

2022-03-03 * "Hooli" "Payroll"
  Assets:US:BofA:Checking                         1350.60 USD
  Assets:US:Vanguard:Cash                         1200.00 USD
  Income:US:Hooli:Salary                         -4615.38 USD
  Income:US:Hooli:GroupTermLife                    -24.32 USD
  Expenses:Health:Life:GroupTermLife                24.32 USD
  Expenses:Health:Dental:Insurance                   2.90 USD
  Expenses:Health:Medical:Insurance                 27.38 USD
  Expenses:Health:Vision:Insurance                  42.30 USD
  Expenses:Taxes:Y2022:US:Medicare                 106.62 USD
  Expenses:Taxes:Y2022:US:Federal                 1062.92 USD
  Expenses:Taxes:Y2022:US:State                    365.08 USD
  Expenses:Taxes:Y2022:US:CityNYC                  174.92 USD
  Expenses:Taxes:Y2022:US:SDI                        1.12 USD
  Expenses:Taxes:Y2022:US:SocSec                   281.54 USD
  Assets:US:Federal:PreTax401k                   -1200.00 IRAUSD
  Expenses:Taxes:Y2022:US:Federal:PreTax401k      1200.00 IRAUSD
  Assets:US:Hooli:Vacation                              5 VACHR
  Income:US:Hooli:Vacation                             -5 VACHR

2022-03-17 * "Hooli" "Payroll"
  Assets:US:BofA:Checking                         1350.60 USD
  Assets:US:Vanguard:Cash                         1200.00 USD
  Income:US:Hooli:Salary                         -4615.38 USD
  Income:US:Hooli:GroupTermLife                    -24.32 USD
  Expenses:Health:Life:GroupTermLife                24.32 USD
  Expenses:Health:Dental:Insurance                   2.90 USD
  Expenses:Health:Medical:Insurance                 27.38 USD
  Expenses:Health:Vision:Insurance                  42.30 USD
  Expenses:Taxes:Y2022:US:Medicare                 106.62 USD
  Expenses:Taxes:Y2022:US:Federal                 1062.92 USD
  Expenses:Taxes:Y2022:US:State                    365.08 USD
  Expenses:Taxes:Y2022:US:CityNYC                  174.92 USD
  Expenses:Taxes:Y2022:US:SDI                        1.12 USD
  Expenses:Taxes:Y2022:US:SocSec                   281.54 USD
  Assets:US:Federal:PreTax401k                   -1200.00 IRAUSD
  Expenses:Taxes:Y2022:US:Federal:PreTax401k      1200.00 IRAUSD
  Assets:US:Hooli:Vacation                              5 VACHR
  Income:US:Hooli:Vacation                             -5 VACHR

2022-03-31 * "Hooli" "Payroll"
  Assets:US:BofA:Checking                         1350.60 USD
  Assets:US:Vanguard:Cash                         1200.00 USD
  Income:US:Hooli:Salary                         -4615.38 USD
  Income:US:Hooli:GroupTermLife                    -24.32 USD
  Expenses:Health:Life:GroupTermLife                24.32 USD
  Expenses:Health:Dental:Insurance                   2.90 USD
  Expenses:Health:Medical:Insurance                 27.38 USD
  Expenses:Health:Vision:Insurance                  42.30 USD
  Expenses:Taxes:Y2022:US:Medicare                 106.62 USD
  Expenses:Taxes:Y2022:US:Federal                 1062.92 USD
  Expenses:Taxes:Y2022:US:State                    365.08 USD
  Expenses:Taxes:Y2022:US:CityNYC                  174.92 USD
  Expenses:Taxes:Y2022:US:SDI                        1.12 USD
  Expenses:Taxes:Y2022:US:SocSec                   281.54 USD
  Assets:US:Federal:PreTax401k                   -1200.00 IRAUSD
  Expenses:Taxes:Y2022:US:Federal:PreTax401k      1200.00 IRAUSD
  Assets:US:Hooli:Vacation                              5 VACHR
  Income:US:Hooli:Vacation                             -5 VACHR

2022-04-14 * "Hooli" "Payroll"
  Assets:US:BofA:Checking                         1350.60 USD
  Assets:US:Vanguard:Cash                         1200.00 USD
  Income:US:Hooli:Salary                         -4615.38 USD
  Income:US:Hooli:GroupTermLife                    -24.32 USD
  Expenses:Health:Life:GroupTermLife                24.32 USD
  Expenses:Health:Dental:Insurance                   2.90 USD
  Expenses:Health:Medical:Insurance                 27.38 USD
  Expenses:Health:Vision:Insurance                  42.30 USD
  Expenses:Taxes:Y2022:US:Medicare                 106.62 USD
  Expenses:Taxes:Y2022:US:Federal                 1062.92 USD
  Expenses:Taxes:Y2022:US:State                    365.08 USD
  Expenses:Taxes:Y2022:US:CityNYC                  174.92 USD
  Expenses:Taxes:Y2022:US:SDI                        1.12 USD
  Expenses:Taxes:Y2022:US:SocSec                   281.54 USD
  Assets:US:Federal:PreTax401k                   -1200.00 IRAUSD
  Expenses:Taxes:Y2022:US:Federal:PreTax401k      1200.00 IRAUSD
  Assets:US:Hooli:Vacation                              5 VACHR
  Income:US:Hooli:Vacation                             -5 VACHR

2022-04-28 * "Hooli" "Payroll"
  Assets:US:BofA:Checking                         1350.60 USD
  Assets:US:Vanguard:Cash                         1200.00 USD
  Income:US:Hooli:Salary                         -4615.38 USD
  Income:US:Hooli:GroupTermLife                    -24.32 USD
  Expenses:Health:Life:GroupTermLife                24.32 USD
  Expenses:Health:Dental:Insurance                   2.90 USD
  Expenses:Health:Medical:Insurance                 27.38 USD
  Expenses:Health:Vision:Insurance                  42.30 USD
  Expenses:Taxes:Y2022:US:Medicare                 106.62 USD
  Expenses:Taxes:Y2022:US:Federal                 1062.92 USD
  Expenses:Taxes:Y2022:US:State                    365.08 USD
  Expenses:Taxes:Y2022:US:CityNYC                  174.92 USD
  Expenses:Taxes:Y2022:US:SDI                        1.12 USD
  Expenses:Taxes:Y2022:US:SocSec                   281.54 USD
  Assets:US:Federal:PreTax401k                   -1200.00 IRAUSD
  Expenses:Taxes:Y2022:US:Federal:PreTax401k      1200.00 IRAUSD
  Assets:US:Hooli:Vacation                              5 VACHR
  Income:US:Hooli:Vacation                             -5 VACHR

2022-05-12 * "Hooli" "Payroll"
  Assets:US:BofA:Checking                         1350.60 USD
  Assets:US:Vanguard:Cash                         1200.00 USD
  Income:US:Hooli:Salary                         -4615.38 USD
  Income:US:Hooli:GroupTermLife                    -24.32 USD
  Expenses:Health:Life:GroupTermLife                24.32 USD
  Expenses:Health:Dental:Insurance                   2.90 USD
  Expenses:Health:Medical:Insurance                 27.38 USD
  Expenses:Health:Vision:Insurance                  42.30 USD
  Expenses:Taxes:Y2022:US:Medicare                 106.62 USD
  Expenses:Taxes:Y2022:US:Federal                 1062.92 USD
  Expenses:Taxes:Y2022:US:State                    365.08 USD
  Expenses:Taxes:Y2022:US:CityNYC                  174.92 USD
  Expenses:Taxes:Y2022:US:SDI                        1.12 USD
  Expenses:Taxes:Y2022:US:SocSec                   281.54 USD
  Assets:US:Federal:PreTax401k                   -1200.00 IRAUSD
  Expenses:Taxes:Y2022:US:Federal:PreTax401k      1200.00 IRAUSD
  Assets:US:Hooli:Vacation                              5 VACHR
  Income:US:Hooli:Vacation                             -5 VACHR

2022-05-26 * "Hooli" "Payroll"
  Assets:US:BofA:Checking                         1350.60 USD
  Assets:US:Vanguard:Cash                         1200.00 USD
  Income:US:Hooli:Salary                         -4615.38 USD
  Income:US:Hooli:GroupTermLife                    -24.32 USD
  Expenses:Health:Life:GroupTermLife                24.32 USD
  Expenses:Health:Dental:Insurance                   2.90 USD
  Expenses:Health:Medical:Insurance                 27.38 USD
  Expenses:Health:Vision:Insurance                  42.30 USD
  Expenses:Taxes:Y2022:US:Medicare                 106.62 USD
  Expenses:Taxes:Y2022:US:Federal                 1062.92 USD
  Expenses:Taxes:Y2022:US:State                    365.08 USD
  Expenses:Taxes:Y2022:US:CityNYC                  174.92 USD
  Expenses:Taxes:Y2022:US:SDI                        1.12 USD
  Expenses:Taxes:Y2022:US:SocSec                   281.54 USD
  Assets:US:Federal:PreTax401k                   -1200.00 IRAUSD
  Expenses:Taxes:Y2022:US:Federal:PreTax401k      1200.00 IRAUSD
  Assets:US:Hooli:Vacation                              5 VACHR
  Income:US:Hooli:Vacation                             -5 VACHR

2022-06-09 * "Hooli" "Payroll"
  Assets:US:BofA:Checking                         1350.60 USD
  Assets:US:Vanguard:Cash                         1200.00 USD
  Income:US:Hooli:Salary                         -4615.38 USD
  Income:US:Hooli:GroupTermLife                    -24.32 USD
  Expenses:Health:Life:GroupTermLife                24.32 USD
  Expenses:Health:Dental:Insurance                   2.90 USD
  Expenses:Health:Medical:Insurance                 27.38 USD
  Expenses:Health:Vision:Insurance                  42.30 USD
  Expenses:Taxes:Y2022:US:Medicare                 106.62 USD
  Expenses:Taxes:Y2022:US:Federal                 1062.92 USD
  Expenses:Taxes:Y2022:US:State                    365.08 USD
  Expenses:Taxes:Y2022:US:CityNYC                  174.92 USD
  Expenses:Taxes:Y2022:US:SDI                        1.12 USD
  Expenses:Taxes:Y2022:US:SocSec                   281.54 USD
  Assets:US:Federal:PreTax401k                   -1200.00 IRAUSD
  Expenses:Taxes:Y2022:US:Federal:PreTax401k      1200.00 IRAUSD
  Assets:US:Hooli:Vacation                              5 VACHR
  Income:US:Hooli:Vacation                             -5 VACHR

2022-06-23 * "Hooli" "Payroll"
  Assets:US:BofA:Checking                         1350.60 USD
  Assets:US:Vanguard:Cash                         1200.00 USD
  Income:US:Hooli:Salary                         -4615.38 USD
  Income:US:Hooli:GroupTermLife                    -24.32 USD
  Expenses:Health:Life:GroupTermLife                24.32 USD
  Expenses:Health:Dental:Insurance                   2.90 USD
  Expenses:Health:Medical:Insurance                 27.38 USD
  Expenses:Health:Vision:Insurance                  42.30 USD
  Expenses:Taxes:Y2022:US:Medicare                 106.62 USD
  Expenses:Taxes:Y2022:US:Federal                 1062.92 USD
  Expenses:Taxes:Y2022:US:State                    365.08 USD
  Expenses:Taxes:Y2022:US:CityNYC                  174.92 USD
  Expenses:Taxes:Y2022:US:SDI                        1.12 USD
  Expenses:Taxes:Y2022:US:SocSec                   281.54 USD
  Assets:US:Federal:PreTax401k                   -1200.00 IRAUSD
  Expenses:Taxes:Y2022:US:Federal:PreTax401k      1200.00 IRAUSD
  Assets:US:Hooli:Vacation                              5 VACHR
  Income:US:Hooli:Vacation                             -5 VACHR

2022-07-07 * "Hooli" "Payroll"
  Assets:US:BofA:Checking                         1350.60 USD
  Assets:US:Vanguard:Cash                         1200.00 USD
  Income:US:Hooli:Salary                         -4615.38 USD
  Income:US:Hooli:GroupTermLife                    -24.32 USD
  Expenses:Health:Life:GroupTermLife                24.32 USD
  Expenses:Health:Dental:Insurance                   2.90 USD
  Expenses:Health:Medical:Insurance                 27.38 USD
  Expenses:Health:Vision:Insurance                  42.30 USD
  Expenses:Taxes:Y2022:US:Medicare                 106.62 USD
  Expenses:Taxes:Y2022:US:Federal                 1062.92 USD
  Expenses:Taxes:Y2022:US:State                    365.08 USD
  Expenses:Taxes:Y2022:US:CityNYC                  174.92 USD
  Expenses:Taxes:Y2022:US:SDI                        1.12 USD
  Expenses:Taxes:Y2022:US:SocSec                   281.54 USD
  Assets:US:Federal:PreTax401k                   -1200.00 IRAUSD
  Expenses:Taxes:Y2022:US:Federal:PreTax401k      1200.00 IRAUSD
  Assets:US:Hooli:Vacation                              5 VACHR
  Income:US:Hooli:Vacation                             -5 VACHR

2022-07-21 * "Hooli" "Payroll"
  Assets:US:BofA:Checking                         1350.60 USD
  Assets:US:Vanguard:Cash                         1200.00 USD
  Income:US:Hooli:Salary                         -4615.38 USD
  Income:US:Hooli:GroupTermLife                    -24.32 USD
  Expenses:Health:Life:GroupTermLife                24.32 USD
  Expenses:Health:Dental:Insurance                   2.90 USD
  Expenses:Health:Medical:Insurance                 27.38 USD
  Expenses:Health:Vision:Insurance                  42.30 USD
  Expenses:Taxes:Y2022:US:Medicare                 106.62 USD
  Expenses:Taxes:Y2022:US:Federal                 1062.92 USD
  Expenses:Taxes:Y2022:US:State                    365.08 USD
  Expenses:Taxes:Y2022:US:CityNYC                  174.92 USD
  Expenses:Taxes:Y2022:US:SDI                        1.12 USD
  Expenses:Taxes:Y2022:US:SocSec                   281.54 USD
  Assets:US:Federal:PreTax401k                   -1200.00 IRAUSD
  Expenses:Taxes:Y2022:US:Federal:PreTax401k      1200.00 IRAUSD
  Assets:US:Hooli:Vacation                              5 VACHR
  Income:US:Hooli:Vacation                             -5 VACHR

2022-08-04 * "Hooli" "Payroll"
  Assets:US:BofA:Checking                         2050.60 USD
  Assets:US:Vanguard:Cash                          500.00 USD
  Income:US:Hooli:Salary                         -4615.38 USD
  Income:US:Hooli:GroupTermLife                    -24.32 USD
  Expenses:Health:Life:GroupTermLife                24.32 USD
  Expenses:Health:Dental:Insurance                   2.90 USD
  Expenses:Health:Medical:Insurance                 27.38 USD
  Expenses:Health:Vision:Insurance                  42.30 USD
  Expenses:Taxes:Y2022:US:Medicare                 106.62 USD
  Expenses:Taxes:Y2022:US:Federal                 1062.92 USD
  Expenses:Taxes:Y2022:US:State                    365.08 USD
  Expenses:Taxes:Y2022:US:CityNYC                  174.92 USD
  Expenses:Taxes:Y2022:US:SDI                        1.12 USD
  Expenses:Taxes:Y2022:US:SocSec                   281.54 USD
  Assets:US:Federal:PreTax401k                    -500.00 IRAUSD
  Expenses:Taxes:Y2022:US:Federal:PreTax401k       500.00 IRAUSD
  Assets:US:Hooli:Vacation                              5 VACHR
  Income:US:Hooli:Vacation                             -5 VACHR

2022-08-18 * "Hooli" "Payroll"
  Assets:US:BofA:Checking                         2550.60 USD
  Income:US:Hooli:Salary                         -4615.38 USD
  Income:US:Hooli:GroupTermLife                    -24.32 USD
  Expenses:Health:Life:GroupTermLife                24.32 USD
  Expenses:Health:Dental:Insurance                   2.90 USD
  Expenses:Health:Medical:Insurance                 27.38 USD
  Expenses:Health:Vision:Insurance                  42.30 USD
  Expenses:Taxes:Y2022:US:Medicare                 106.62 USD
  Expenses:Taxes:Y2022:US:Federal                 1062.92 USD
  Expenses:Taxes:Y2022:US:State                    365.08 USD
  Expenses:Taxes:Y2022:US:CityNYC                  174.92 USD
  Expenses:Taxes:Y2022:US:SDI                        1.12 USD
  Expenses:Taxes:Y2022:US:SocSec                   281.54 USD
  Assets:US:Hooli:Vacation                              5 VACHR
  Income:US:Hooli:Vacation                             -5 VACHR

2022-09-01 * "Hooli" "Payroll"
  Assets:US:BofA:Checking                         2550.60 USD
  Income:US:Hooli:Salary                         -4615.38 USD
  Income:US:Hooli:GroupTermLife                    -24.32 USD
  Expenses:Health:Life:GroupTermLife                24.32 USD
  Expenses:Health:Dental:Insurance                   2.90 USD
  Expenses:Health:Medical:Insurance                 27.38 USD
  Expenses:Health:Vision:Insurance                  42.30 USD
  Expenses:Taxes:Y2022:US:Medicare                 106.62 USD
  Expenses:Taxes:Y2022:US:Federal                 1062.92 USD
  Expenses:Taxes:Y2022:US:State                    365.08 USD
  Expenses:Taxes:Y2022:US:CityNYC                  174.92 USD
  Expenses:Taxes:Y2022:US:SDI                        1.12 USD
  Expenses:Taxes:Y2022:US:SocSec                   281.54 USD
  Assets:US:Hooli:Vacation                              5 VACHR
  Income:US:Hooli:Vacation                             -5 VACHR

2022-09-15 * "Hooli" "Payroll"
  Assets:US:BofA:Checking                         2550.60 USD
  Income:US:Hooli:Salary                         -4615.38 USD
  Income:US:Hooli:GroupTermLife                    -24.32 USD
  Expenses:Health:Life:GroupTermLife                24.32 USD
  Expenses:Health:Dental:Insurance                   2.90 USD
  Expenses:Health:Medical:Insurance                 27.38 USD
  Expenses:Health:Vision:Insurance                  42.30 USD
  Expenses:Taxes:Y2022:US:Medicare                 106.62 USD
  Expenses:Taxes:Y2022:US:Federal                 1062.92 USD
  Expenses:Taxes:Y2022:US:State                    365.08 USD
  Expenses:Taxes:Y2022:US:CityNYC                  174.92 USD
  Expenses:Taxes:Y2022:US:SDI                        1.12 USD
  Expenses:Taxes:Y2022:US:SocSec                   281.54 USD
  Assets:US:Hooli:Vacation                              5 VACHR
  Income:US:Hooli:Vacation                             -5 VACHR

2022-09-29 * "Hooli" "Payroll"
  Assets:US:BofA:Checking                         2550.60 USD
  Income:US:Hooli:Salary                         -4615.38 USD
  Income:US:Hooli:GroupTermLife                    -24.32 USD
  Expenses:Health:Life:GroupTermLife                24.32 USD
  Expenses:Health:Dental:Insurance                   2.90 USD
  Expenses:Health:Medical:Insurance                 27.38 USD
  Expenses:Health:Vision:Insurance                  42.30 USD
  Expenses:Taxes:Y2022:US:Medicare                 106.62 USD
  Expenses:Taxes:Y2022:US:Federal                 1062.92 USD
  Expenses:Taxes:Y2022:US:State                    365.08 USD
  Expenses:Taxes:Y2022:US:CityNYC                  174.92 USD
  Expenses:Taxes:Y2022:US:SDI                        1.12 USD
  Expenses:Taxes:Y2022:US:SocSec                   281.54 USD
  Assets:US:Hooli:Vacation                              5 VACHR
  Income:US:Hooli:Vacation                             -5 VACHR

2022-10-13 * "Hooli" "Payroll"
  Assets:US:BofA:Checking                         2550.60 USD
  Income:US:Hooli:Salary                         -4615.38 USD
  Income:US:Hooli:GroupTermLife                    -24.32 USD
  Expenses:Health:Life:GroupTermLife                24.32 USD
  Expenses:Health:Dental:Insurance                   2.90 USD
  Expenses:Health:Medical:Insurance                 27.38 USD
  Expenses:Health:Vision:Insurance                  42.30 USD
  Expenses:Taxes:Y2022:US:Medicare                 106.62 USD
  Expenses:Taxes:Y2022:US:Federal                 1062.92 USD
  Expenses:Taxes:Y2022:US:State                    365.08 USD
  Expenses:Taxes:Y2022:US:CityNYC                  174.92 USD
  Expenses:Taxes:Y2022:US:SDI                        1.12 USD
  Expenses:Taxes:Y2022:US:SocSec                   281.54 USD
  Assets:US:Hooli:Vacation                              5 VACHR
  Income:US:Hooli:Vacation                             -5 VACHR

2022-10-27 * "Hooli" "Payroll"
  Assets:US:BofA:Checking                         2550.60 USD
  Income:US:Hooli:Salary                         -4615.38 USD
  Income:US:Hooli:GroupTermLife                    -24.32 USD
  Expenses:Health:Life:GroupTermLife                24.32 USD
  Expenses:Health:Dental:Insurance                   2.90 USD
  Expenses:Health:Medical:Insurance                 27.38 USD
  Expenses:Health:Vision:Insurance                  42.30 USD
  Expenses:Taxes:Y2022:US:Medicare                 106.62 USD
  Expenses:Taxes:Y2022:US:Federal                 1062.92 USD
  Expenses:Taxes:Y2022:US:State                    365.08 USD
  Expenses:Taxes:Y2022:US:CityNYC                  174.92 USD
  Expenses:Taxes:Y2022:US:SDI                        1.12 USD
  Expenses:Taxes:Y2022:US:SocSec                   281.54 USD
  Assets:US:Hooli:Vacation                              5 VACHR
  Income:US:Hooli:Vacation                             -5 VACHR

2022-11-10 * "Hooli" "Payroll"
  Assets:US:BofA:Checking                         2550.60 USD
  Income:US:Hooli:Salary                         -4615.38 USD
  Income:US:Hooli:GroupTermLife                    -24.32 USD
  Expenses:Health:Life:GroupTermLife                24.32 USD
  Expenses:Health:Dental:Insurance                   2.90 USD
  Expenses:Health:Medical:Insurance                 27.38 USD
  Expenses:Health:Vision:Insurance                  42.30 USD
  Expenses:Taxes:Y2022:US:Medicare                 106.62 USD
  Expenses:Taxes:Y2022:US:Federal                 1062.92 USD
  Expenses:Taxes:Y2022:US:State                    365.08 USD
  Expenses:Taxes:Y2022:US:CityNYC                  174.92 USD
  Expenses:Taxes:Y2022:US:SDI                        1.12 USD
  Expenses:Taxes:Y2022:US:SocSec                   281.54 USD
  Assets:US:Hooli:Vacation                              5 VACHR
  Income:US:Hooli:Vacation                             -5 VACHR

2022-11-24 * "Hooli" "Payroll"
  Assets:US:BofA:Checking                         2550.60 USD
  Income:US:Hooli:Salary                         -4615.38 USD
  Income:US:Hooli:GroupTermLife                    -24.32 USD
  Expenses:Health:Life:GroupTermLife                24.32 USD
  Expenses:Health:Dental:Insurance                   2.90 USD
  Expenses:Health:Medical:Insurance                 27.38 USD
  Expenses:Health:Vision:Insurance                  42.30 USD
  Expenses:Taxes:Y2022:US:Medicare                 106.62 USD
  Expenses:Taxes:Y2022:US:Federal                 1062.92 USD
  Expenses:Taxes:Y2022:US:State                    365.08 USD
  Expenses:Taxes:Y2022:US:CityNYC                  174.92 USD
  Expenses:Taxes:Y2022:US:SDI                        1.12 USD
  Expenses:Taxes:Y2022:US:SocSec                   281.54 USD
  Assets:US:Hooli:Vacation                              5 VACHR
  Income:US:Hooli:Vacation                             -5 VACHR

2022-12-08 * "Hooli" "Payroll"
  Assets:US:BofA:Checking                         2589.06 USD
  Income:US:Hooli:Salary                         -4615.38 USD
  Income:US:Hooli:GroupTermLife                    -24.32 USD
  Expenses:Health:Life:GroupTermLife                24.32 USD
  Expenses:Health:Dental:Insurance                   2.90 USD
  Expenses:Health:Medical:Insurance                 27.38 USD
  Expenses:Health:Vision:Insurance                  42.30 USD
  Expenses:Taxes:Y2022:US:Medicare                 106.62 USD
  Expenses:Taxes:Y2022:US:Federal                 1062.92 USD
  Expenses:Taxes:Y2022:US:State                    365.08 USD
  Expenses:Taxes:Y2022:US:CityNYC                  174.92 USD
  Expenses:Taxes:Y2022:US:SDI                        1.12 USD
  Expenses:Taxes:Y2022:US:SocSec                   243.08 USD
  Assets:US:Hooli:Vacation                              5 VACHR
  Income:US:Hooli:Vacation                             -5 VACHR

2022-12-22 * "Hooli" "Payroll"
  Assets:US:BofA:Checking                         2832.14 USD
  Income:US:Hooli:Salary                         -4615.38 USD
  Income:US:Hooli:GroupTermLife                    -24.32 USD
  Expenses:Health:Life:GroupTermLife                24.32 USD
  Expenses:Health:Dental:Insurance                   2.90 USD
  Expenses:Health:Medical:Insurance                 27.38 USD
  Expenses:Health:Vision:Insurance                  42.30 USD
  Expenses:Taxes:Y2022:US:Medicare                 106.62 USD
  Expenses:Taxes:Y2022:US:Federal                 1062.92 USD
  Expenses:Taxes:Y2022:US:State                    365.08 USD
  Expenses:Taxes:Y2022:US:CityNYC                  174.92 USD
  Expenses:Taxes:Y2022:US:SDI                        1.12 USD
  Expenses:Taxes:Y2022:US:SocSec                     0.00 USD
  Assets:US:Hooli:Vacation                              5 VACHR
  Income:US:Hooli:Vacation                             -5 VACHR

2023-01-05 * "Hooli" "Payroll"
  Assets:US:BofA:Checking                         1350.60 USD
  Assets:US:Vanguard:Cash                         1200.00 USD
  Income:US:Hooli:Salary                         -4615.38 USD
  Income:US:Hooli:GroupTermLife                    -24.32 USD
  Expenses:Health:Life:GroupTermLife                24.32 USD
  Expenses:Health:Dental:Insurance                   2.90 USD
  Expenses:Health:Medical:Insurance                 27.38 USD
  Expenses:Health:Vision:Insurance                  42.30 USD
  Expenses:Taxes:Y2023:US:Medicare                 106.62 USD
  Expenses:Taxes:Y2023:US:Federal                 1062.92 USD
  Expenses:Taxes:Y2023:US:State                    365.08 USD
  Expenses:Taxes:Y2023:US:CityNYC                  174.92 USD
  Expenses:Taxes:Y2023:US:SDI                        1.12 USD
  Expenses:Taxes:Y2023:US:SocSec                   281.54 USD
  Assets:US:Federal:PreTax401k                   -1200.00 IRAUSD
  Expenses:Taxes:Y2023:US:Federal:PreTax401k      1200.00 IRAUSD
  Assets:US:Hooli:Vacation                              5 VACHR
  Income:US:Hooli:Vacation                             -5 VACHR

2023-01-19 * "Hooli" "Payroll"
  Assets:US:BofA:Checking                         1350.60 USD
  Assets:US:Vanguard:Cash                         1200.00 USD
  Income:US:Hooli:Salary                         -4615.38 USD
  Income:US:Hooli:GroupTermLife                    -24.32 USD
  Expenses:Health:Life:GroupTermLife                24.32 USD
  Expenses:Health:Dental:Insurance                   2.90 USD
  Expenses:Health:Medical:Insurance                 27.38 USD
  Expenses:Health:Vision:Insurance                  42.30 USD
  Expenses:Taxes:Y2023:US:Medicare                 106.62 USD
  Expenses:Taxes:Y2023:US:Federal                 1062.92 USD
  Expenses:Taxes:Y2023:US:State                    365.08 USD
  Expenses:Taxes:Y2023:US:CityNYC                  174.92 USD
  Expenses:Taxes:Y2023:US:SDI                        1.12 USD
  Expenses:Taxes:Y2023:US:SocSec                   281.54 USD
  Assets:US:Federal:PreTax401k                   -1200.00 IRAUSD
  Expenses:Taxes:Y2023:US:Federal:PreTax401k      1200.00 IRAUSD
  Assets:US:Hooli:Vacation                              5 VACHR
  Income:US:Hooli:Vacation                             -5 VACHR

2023-02-02 * "Hooli" "Payroll"
  Assets:US:BofA:Checking                         1350.60 USD
  Assets:US:Vanguard:Cash                         1200.00 USD
  Income:US:Hooli:Salary                         -4615.38 USD
  Income:US:Hooli:GroupTermLife                    -24.32 USD
  Expenses:Health:Life:GroupTermLife                24.32 USD
  Expenses:Health:Dental:Insurance                   2.90 USD
  Expenses:Health:Medical:Insurance                 27.38 USD
  Expenses:Health:Vision:Insurance                  42.30 USD
  Expenses:Taxes:Y2023:US:Medicare                 106.62 USD
  Expenses:Taxes:Y2023:US:Federal                 1062.92 USD
  Expenses:Taxes:Y2023:US:State                    365.08 USD
  Expenses:Taxes:Y2023:US:CityNYC                  174.92 USD
  Expenses:Taxes:Y2023:US:SDI                        1.12 USD
  Expenses:Taxes:Y2023:US:SocSec                   281.54 USD
  Assets:US:Federal:PreTax401k                   -1200.00 IRAUSD
  Expenses:Taxes:Y2023:US:Federal:PreTax401k      1200.00 IRAUSD
  Assets:US:Hooli:Vacation                              5 VACHR
  Income:US:Hooli:Vacation                             -5 VACHR

2023-02-16 * "Hooli" "Payroll"
  Assets:US:BofA:Checking                         1350.60 USD
  Assets:US:Vanguard:Cash                         1200.00 USD
  Income:US:Hooli:Salary                         -4615.38 USD
  Income:US:Hooli:GroupTermLife                    -24.32 USD
  Expenses:Health:Life:GroupTermLife                24.32 USD
  Expenses:Health:Dental:Insurance                   2.90 USD
  Expenses:Health:Medical:Insurance                 27.38 USD
  Expenses:Health:Vision:Insurance                  42.30 USD
  Expenses:Taxes:Y2023:US:Medicare                 106.62 USD
  Expenses:Taxes:Y2023:US:Federal                 1062.92 USD
  Expenses:Taxes:Y2023:US:State                    365.08 USD
  Expenses:Taxes:Y2023:US:CityNYC                  174.92 USD
  Expenses:Taxes:Y2023:US:SDI                        1.12 USD
  Expenses:Taxes:Y2023:US:SocSec                   281.54 USD
  Assets:US:Federal:PreTax401k                   -1200.00 IRAUSD
  Expenses:Taxes:Y2023:US:Federal:PreTax401k      1200.00 IRAUSD
  Assets:US:Hooli:Vacation                              5 VACHR
  Income:US:Hooli:Vacation                             -5 VACHR

2023-03-02 * "Hooli" "Payroll"
  Assets:US:BofA:Checking                         1350.60 USD
  Assets:US:Vanguard:Cash                         1200.00 USD
  Income:US:Hooli:Salary                         -4615.38 USD
  Income:US:Hooli:GroupTermLife                    -24.32 USD
  Expenses:Health:Life:GroupTermLife                24.32 USD
  Expenses:Health:Dental:Insurance                   2.90 USD
  Expenses:Health:Medical:Insurance                 27.38 USD
  Expenses:Health:Vision:Insurance                  42.30 USD
  Expenses:Taxes:Y2023:US:Medicare                 106.62 USD
  Expenses:Taxes:Y2023:US:Federal                 1062.92 USD
  Expenses:Taxes:Y2023:US:State                    365.08 USD
  Expenses:Taxes:Y2023:US:CityNYC                  174.92 USD
  Expenses:Taxes:Y2023:US:SDI                        1.12 USD
  Expenses:Taxes:Y2023:US:SocSec                   281.54 USD
  Assets:US:Federal:PreTax401k                   -1200.00 IRAUSD
  Expenses:Taxes:Y2023:US:Federal:PreTax401k      1200.00 IRAUSD
  Assets:US:Hooli:Vacation                              5 VACHR
  Income:US:Hooli:Vacation                             -5 VACHR

2023-03-16 * "Hooli" "Payroll"
  Assets:US:BofA:Checking                         1350.60 USD
  Assets:US:Vanguard:Cash                         1200.00 USD
  Income:US:Hooli:Salary                         -4615.38 USD
  Income:US:Hooli:GroupTermLife                    -24.32 USD
  Expenses:Health:Life:GroupTermLife                24.32 USD
  Expenses:Health:Dental:Insurance                   2.90 USD
  Expenses:Health:Medical:Insurance                 27.38 USD
  Expenses:Health:Vision:Insurance                  42.30 USD
  Expenses:Taxes:Y2023:US:Medicare                 106.62 USD
  Expenses:Taxes:Y2023:US:Federal                 1062.92 USD
  Expenses:Taxes:Y2023:US:State                    365.08 USD
  Expenses:Taxes:Y2023:US:CityNYC                  174.92 USD
  Expenses:Taxes:Y2023:US:SDI                        1.12 USD
  Expenses:Taxes:Y2023:US:SocSec                   281.54 USD
  Assets:US:Federal:PreTax401k                   -1200.00 IRAUSD
  Expenses:Taxes:Y2023:US:Federal:PreTax401k      1200.00 IRAUSD
  Assets:US:Hooli:Vacation                              5 VACHR
  Income:US:Hooli:Vacation                             -5 VACHR

2023-03-30 * "Hooli" "Payroll"
  Assets:US:BofA:Checking                         1350.60 USD
  Assets:US:Vanguard:Cash                         1200.00 USD
  Income:US:Hooli:Salary                         -4615.38 USD
  Income:US:Hooli:GroupTermLife                    -24.32 USD
  Expenses:Health:Life:GroupTermLife                24.32 USD
  Expenses:Health:Dental:Insurance                   2.90 USD
  Expenses:Health:Medical:Insurance                 27.38 USD
  Expenses:Health:Vision:Insurance                  42.30 USD
  Expenses:Taxes:Y2023:US:Medicare                 106.62 USD
  Expenses:Taxes:Y2023:US:Federal                 1062.92 USD
  Expenses:Taxes:Y2023:US:State                    365.08 USD
  Expenses:Taxes:Y2023:US:CityNYC                  174.92 USD
  Expenses:Taxes:Y2023:US:SDI                        1.12 USD
  Expenses:Taxes:Y2023:US:SocSec                   281.54 USD
  Assets:US:Federal:PreTax401k                   -1200.00 IRAUSD
  Expenses:Taxes:Y2023:US:Federal:PreTax401k      1200.00 IRAUSD
  Assets:US:Hooli:Vacation                              5 VACHR
  Income:US:Hooli:Vacation                             -5 VACHR

2023-04-13 * "Hooli" "Payroll"
  Assets:US:BofA:Checking                         1350.60 USD
  Assets:US:Vanguard:Cash                         1200.00 USD
  Income:US:Hooli:Salary                         -4615.38 USD
  Income:US:Hooli:GroupTermLife                    -24.32 USD
  Expenses:Health:Life:GroupTermLife                24.32 USD
  Expenses:Health:Dental:Insurance                   2.90 USD
  Expenses:Health:Medical:Insurance                 27.38 USD
  Expenses:Health:Vision:Insurance                  42.30 USD
  Expenses:Taxes:Y2023:US:Medicare                 106.62 USD
  Expenses:Taxes:Y2023:US:Federal                 1062.92 USD
  Expenses:Taxes:Y2023:US:State                    365.08 USD
  Expenses:Taxes:Y2023:US:CityNYC                  174.92 USD
  Expenses:Taxes:Y2023:US:SDI                        1.12 USD
  Expenses:Taxes:Y2023:US:SocSec                   281.54 USD
  Assets:US:Federal:PreTax401k                   -1200.00 IRAUSD
  Expenses:Taxes:Y2023:US:Federal:PreTax401k      1200.00 IRAUSD
  Assets:US:Hooli:Vacation                              5 VACHR
  Income:US:Hooli:Vacation                             -5 VACHR

2023-04-27 * "Hooli" "Payroll"
  Assets:US:BofA:Checking                         1350.60 USD
  Assets:US:Vanguard:Cash                         1200.00 USD
  Income:US:Hooli:Salary                         -4615.38 USD
  Income:US:Hooli:GroupTermLife                    -24.32 USD
  Expenses:Health:Life:GroupTermLife                24.32 USD
  Expenses:Health:Dental:Insurance                   2.90 USD
  Expenses:Health:Medical:Insurance                 27.38 USD
  Expenses:Health:Vision:Insurance                  42.30 USD
  Expenses:Taxes:Y2023:US:Medicare                 106.62 USD
  Expenses:Taxes:Y2023:US:Federal                 1062.92 USD
  Expenses:Taxes:Y2023:US:State                    365.08 USD
  Expenses:Taxes:Y2023:US:CityNYC                  174.92 USD
  Expenses:Taxes:Y2023:US:SDI                        1.12 USD
  Expenses:Taxes:Y2023:US:SocSec                   281.54 USD
  Assets:US:Federal:PreTax401k                   -1200.00 IRAUSD
  Expenses:Taxes:Y2023:US:Federal:PreTax401k      1200.00 IRAUSD
  Assets:US:Hooli:Vacation                              5 VACHR
  Income:US:Hooli:Vacation                             -5 VACHR

2023-05-11 * "Hooli" "Payroll"
  Assets:US:BofA:Checking                         1350.60 USD
  Assets:US:Vanguard:Cash                         1200.00 USD
  Income:US:Hooli:Salary                         -4615.38 USD
  Income:US:Hooli:GroupTermLife                    -24.32 USD
  Expenses:Health:Life:GroupTermLife                24.32 USD
  Expenses:Health:Dental:Insurance                   2.90 USD
  Expenses:Health:Medical:Insurance                 27.38 USD
  Expenses:Health:Vision:Insurance                  42.30 USD
  Expenses:Taxes:Y2023:US:Medicare                 106.62 USD
  Expenses:Taxes:Y2023:US:Federal                 1062.92 USD
  Expenses:Taxes:Y2023:US:State                    365.08 USD
  Expenses:Taxes:Y2023:US:CityNYC                  174.92 USD
  Expenses:Taxes:Y2023:US:SDI                        1.12 USD
  Expenses:Taxes:Y2023:US:SocSec                   281.54 USD
  Assets:US:Federal:PreTax401k                   -1200.00 IRAUSD
  Expenses:Taxes:Y2023:US:Federal:PreTax401k      1200.00 IRAUSD
  Assets:US:Hooli:Vacation                              5 VACHR
  Income:US:Hooli:Vacation                             -5 VACHR

2023-05-25 * "Hooli" "Payroll"
  Assets:US:BofA:Checking                         1350.60 USD
  Assets:US:Vanguard:Cash                         1200.00 USD
  Income:US:Hooli:Salary                         -4615.38 USD
  Income:US:Hooli:GroupTermLife                    -24.32 USD
  Expenses:Health:Life:GroupTermLife                24.32 USD
  Expenses:Health:Dental:Insurance                   2.90 USD
  Expenses:Health:Medical:Insurance                 27.38 USD
  Expenses:Health:Vision:Insurance                  42.30 USD
  Expenses:Taxes:Y2023:US:Medicare                 106.62 USD
  Expenses:Taxes:Y2023:US:Federal                 1062.92 USD
  Expenses:Taxes:Y2023:US:State                    365.08 USD
  Expenses:Taxes:Y2023:US:CityNYC                  174.92 USD
  Expenses:Taxes:Y2023:US:SDI                        1.12 USD
  Expenses:Taxes:Y2023:US:SocSec                   281.54 USD
  Assets:US:Federal:PreTax401k                   -1200.00 IRAUSD
  Expenses:Taxes:Y2023:US:Federal:PreTax401k      1200.00 IRAUSD
  Assets:US:Hooli:Vacation                              5 VACHR
  Income:US:Hooli:Vacation                             -5 VACHR

2023-06-08 * "Hooli" "Payroll"
  Assets:US:BofA:Checking                         1350.60 USD
  Assets:US:Vanguard:Cash                         1200.00 USD
  Income:US:Hooli:Salary                         -4615.38 USD
  Income:US:Hooli:GroupTermLife                    -24.32 USD
  Expenses:Health:Life:GroupTermLife                24.32 USD
  Expenses:Health:Dental:Insurance                   2.90 USD
  Expenses:Health:Medical:Insurance                 27.38 USD
  Expenses:Health:Vision:Insurance                  42.30 USD
  Expenses:Taxes:Y2023:US:Medicare                 106.62 USD
  Expenses:Taxes:Y2023:US:Federal                 1062.92 USD
  Expenses:Taxes:Y2023:US:State                    365.08 USD
  Expenses:Taxes:Y2023:US:CityNYC                  174.92 USD
  Expenses:Taxes:Y2023:US:SDI                        1.12 USD
  Expenses:Taxes:Y2023:US:SocSec                   281.54 USD
  Assets:US:Federal:PreTax401k                   -1200.00 IRAUSD
  Expenses:Taxes:Y2023:US:Federal:PreTax401k      1200.00 IRAUSD
  Assets:US:Hooli:Vacation                              5 VACHR
  Income:US:Hooli:Vacation                             -5 VACHR

2023-06-22 * "Hooli" "Payroll"
  Assets:US:BofA:Checking                         1350.60 USD
  Assets:US:Vanguard:Cash                         1200.00 USD
  Income:US:Hooli:Salary                         -4615.38 USD
  Income:US:Hooli:GroupTermLife                    -24.32 USD
  Expenses:Health:Life:GroupTermLife                24.32 USD
  Expenses:Health:Dental:Insurance                   2.90 USD
  Expenses:Health:Medical:Insurance                 27.38 USD
  Expenses:Health:Vision:Insurance                  42.30 USD
  Expenses:Taxes:Y2023:US:Medicare                 106.62 USD
  Expenses:Taxes:Y2023:US:Federal                 1062.92 USD
  Expenses:Taxes:Y2023:US:State                    365.08 USD
  Expenses:Taxes:Y2023:US:CityNYC                  174.92 USD
  Expenses:Taxes:Y2023:US:SDI                        1.12 USD
  Expenses:Taxes:Y2023:US:SocSec                   281.54 USD
  Assets:US:Federal:PreTax401k                   -1200.00 IRAUSD
  Expenses:Taxes:Y2023:US:Federal:PreTax401k      1200.00 IRAUSD
  Assets:US:Hooli:Vacation                              5 VACHR
  Income:US:Hooli:Vacation                             -5 VACHR

2023-07-06 * "Hooli" "Payroll"
  Assets:US:BofA:Checking                         1350.60 USD
  Assets:US:Vanguard:Cash                         1200.00 USD
  Income:US:Hooli:Salary                         -4615.38 USD
  Income:US:Hooli:GroupTermLife                    -24.32 USD
  Expenses:Health:Life:GroupTermLife                24.32 USD
  Expenses:Health:Dental:Insurance                   2.90 USD
  Expenses:Health:Medical:Insurance                 27.38 USD
  Expenses:Health:Vision:Insurance                  42.30 USD
  Expenses:Taxes:Y2023:US:Medicare                 106.62 USD
  Expenses:Taxes:Y2023:US:Federal                 1062.92 USD
  Expenses:Taxes:Y2023:US:State                    365.08 USD
  Expenses:Taxes:Y2023:US:CityNYC                  174.92 USD
  Expenses:Taxes:Y2023:US:SDI                        1.12 USD
  Expenses:Taxes:Y2023:US:SocSec                   281.54 USD
  Assets:US:Federal:PreTax401k                   -1200.00 IRAUSD
  Expenses:Taxes:Y2023:US:Federal:PreTax401k      1200.00 IRAUSD
  Assets:US:Hooli:Vacation                              5 VACHR
  Income:US:Hooli:Vacation                             -5 VACHR

2023-07-20 * "Hooli" "Payroll"
  Assets:US:BofA:Checking                         1350.60 USD
  Assets:US:Vanguard:Cash                         1200.00 USD
  Income:US:Hooli:Salary                         -4615.38 USD
  Income:US:Hooli:GroupTermLife                    -24.32 USD
  Expenses:Health:Life:GroupTermLife                24.32 USD
  Expenses:Health:Dental:Insurance                   2.90 USD
  Expenses:Health:Medical:Insurance                 27.38 USD
  Expenses:Health:Vision:Insurance                  42.30 USD
  Expenses:Taxes:Y2023:US:Medicare                 106.62 USD
  Expenses:Taxes:Y2023:US:Federal                 1062.92 USD
  Expenses:Taxes:Y2023:US:State                    365.08 USD
  Expenses:Taxes:Y2023:US:CityNYC                  174.92 USD
  Expenses:Taxes:Y2023:US:SDI                        1.12 USD
  Expenses:Taxes:Y2023:US:SocSec                   281.54 USD
  Assets:US:Federal:PreTax401k                   -1200.00 IRAUSD
  Expenses:Taxes:Y2023:US:Federal:PreTax401k      1200.00 IRAUSD
  Assets:US:Hooli:Vacation                              5 VACHR
  Income:US:Hooli:Vacation                             -5 VACHR

2023-08-03 * "Hooli" "Payroll"
  Assets:US:BofA:Checking                         2050.60 USD
  Assets:US:Vanguard:Cash                          500.00 USD
  Income:US:Hooli:Salary                         -4615.38 USD
  Income:US:Hooli:GroupTermLife                    -24.32 USD
  Expenses:Health:Life:GroupTermLife                24.32 USD
  Expenses:Health:Dental:Insurance                   2.90 USD
  Expenses:Health:Medical:Insurance                 27.38 USD
  Expenses:Health:Vision:Insurance                  42.30 USD
  Expenses:Taxes:Y2023:US:Medicare                 106.62 USD
  Expenses:Taxes:Y2023:US:Federal                 1062.92 USD
  Expenses:Taxes:Y2023:US:State                    365.08 USD
  Expenses:Taxes:Y2023:US:CityNYC                  174.92 USD
  Expenses:Taxes:Y2023:US:SDI                        1.12 USD
  Expenses:Taxes:Y2023:US:SocSec                   281.54 USD
  Assets:US:Federal:PreTax401k                    -500.00 IRAUSD
  Expenses:Taxes:Y2023:US:Federal:PreTax401k       500.00 IRAUSD
  Assets:US:Hooli:Vacation                              5 VACHR
  Income:US:Hooli:Vacation                             -5 VACHR

2023-08-17 * "Hooli" "Payroll"
  Assets:US:BofA:Checking                         2550.60 USD
  Income:US:Hooli:Salary                         -4615.38 USD
  Income:US:Hooli:GroupTermLife                    -24.32 USD
  Expenses:Health:Life:GroupTermLife                24.32 USD
  Expenses:Health:Dental:Insurance                   2.90 USD
  Expenses:Health:Medical:Insurance                 27.38 USD
  Expenses:Health:Vision:Insurance                  42.30 USD
  Expenses:Taxes:Y2023:US:Medicare                 106.62 USD
  Expenses:Taxes:Y2023:US:Federal                 1062.92 USD
  Expenses:Taxes:Y2023:US:State                    365.08 USD
  Expenses:Taxes:Y2023:US:CityNYC                  174.92 USD
  Expenses:Taxes:Y2023:US:SDI                        1.12 USD
  Expenses:Taxes:Y2023:US:SocSec                   281.54 USD
  Assets:US:Hooli:Vacation                              5 VACHR
  Income:US:Hooli:Vacation                             -5 VACHR

2023-08-31 * "Hooli" "Payroll"
  Assets:US:BofA:Checking                         2550.60 USD
  Income:US:Hooli:Salary                         -4615.38 USD
  Income:US:Hooli:GroupTermLife                    -24.32 USD
  Expenses:Health:Life:GroupTermLife                24.32 USD
  Expenses:Health:Dental:Insurance                   2.90 USD
  Expenses:Health:Medical:Insurance                 27.38 USD
  Expenses:Health:Vision:Insurance                  42.30 USD
  Expenses:Taxes:Y2023:US:Medicare                 106.62 USD
  Expenses:Taxes:Y2023:US:Federal                 1062.92 USD
  Expenses:Taxes:Y2023:US:State                    365.08 USD
  Expenses:Taxes:Y2023:US:CityNYC                  174.92 USD
  Expenses:Taxes:Y2023:US:SDI                        1.12 USD
  Expenses:Taxes:Y2023:US:SocSec                   281.54 USD
  Assets:US:Hooli:Vacation                              5 VACHR
  Income:US:Hooli:Vacation                             -5 VACHR

2023-09-14 * "Hooli" "Payroll"
  Assets:US:BofA:Checking                         2550.60 USD
  Income:US:Hooli:Salary                         -4615.38 USD
  Income:US:Hooli:GroupTermLife                    -24.32 USD
  Expenses:Health:Life:GroupTermLife                24.32 USD
  Expenses:Health:Dental:Insurance                   2.90 USD
  Expenses:Health:Medical:Insurance                 27.38 USD
  Expenses:Health:Vision:Insurance                  42.30 USD
  Expenses:Taxes:Y2023:US:Medicare                 106.62 USD
  Expenses:Taxes:Y2023:US:Federal                 1062.92 USD
  Expenses:Taxes:Y2023:US:State                    365.08 USD
  Expenses:Taxes:Y2023:US:CityNYC                  174.92 USD
  Expenses:Taxes:Y2023:US:SDI                        1.12 USD
  Expenses:Taxes:Y2023:US:SocSec                   281.54 USD
  Assets:US:Hooli:Vacation                              5 VACHR
  Income:US:Hooli:Vacation                             -5 VACHR

2023-09-28 * "Hooli" "Payroll"
  Assets:US:BofA:Checking                         2550.60 USD
  Income:US:Hooli:Salary                         -4615.38 USD
  Income:US:Hooli:GroupTermLife                    -24.32 USD
  Expenses:Health:Life:GroupTermLife                24.32 USD
  Expenses:Health:Dental:Insurance                   2.90 USD
  Expenses:Health:Medical:Insurance                 27.38 USD
  Expenses:Health:Vision:Insurance                  42.30 USD
  Expenses:Taxes:Y2023:US:Medicare                 106.62 USD
  Expenses:Taxes:Y2023:US:Federal                 1062.92 USD
  Expenses:Taxes:Y2023:US:State                    365.08 USD
  Expenses:Taxes:Y2023:US:CityNYC                  174.92 USD
  Expenses:Taxes:Y2023:US:SDI                        1.12 USD
  Expenses:Taxes:Y2023:US:SocSec                   281.54 USD
  Assets:US:Hooli:Vacation                              5 VACHR
  Income:US:Hooli:Vacation                             -5 VACHR

2023-10-12 * "Hooli" "Payroll"
  Assets:US:BofA:Checking                         2550.60 USD
  Income:US:Hooli:Salary                         -4615.38 USD
  Income:US:Hooli:GroupTermLife                    -24.32 USD
  Expenses:Health:Life:GroupTermLife                24.32 USD
  Expenses:Health:Dental:Insurance                   2.90 USD
  Expenses:Health:Medical:Insurance                 27.38 USD
  Expenses:Health:Vision:Insurance                  42.30 USD
  Expenses:Taxes:Y2023:US:Medicare                 106.62 USD
  Expenses:Taxes:Y2023:US:Federal                 1062.92 USD
  Expenses:Taxes:Y2023:US:State                    365.08 USD
  Expenses:Taxes:Y2023:US:CityNYC                  174.92 USD
  Expenses:Taxes:Y2023:US:SDI                        1.12 USD
  Expenses:Taxes:Y2023:US:SocSec                   281.54 USD
  Assets:US:Hooli:Vacation                              5 VACHR
  Income:US:Hooli:Vacation                             -5 VACHR

2023-10-26 * "Hooli" "Payroll"
  Assets:US:BofA:Checking                         2550.60 USD
  Income:US:Hooli:Salary                         -4615.38 USD
  Income:US:Hooli:GroupTermLife                    -24.32 USD
  Expenses:Health:Life:GroupTermLife                24.32 USD
  Expenses:Health:Dental:Insurance                   2.90 USD
  Expenses:Health:Medical:Insurance                 27.38 USD
  Expenses:Health:Vision:Insurance                  42.30 USD
  Expenses:Taxes:Y2023:US:Medicare                 106.62 USD
  Expenses:Taxes:Y2023:US:Federal                 1062.92 USD
  Expenses:Taxes:Y2023:US:State                    365.08 USD
  Expenses:Taxes:Y2023:US:CityNYC                  174.92 USD
  Expenses:Taxes:Y2023:US:SDI                        1.12 USD
  Expenses:Taxes:Y2023:US:SocSec                   281.54 USD
  Assets:US:Hooli:Vacation                              5 VACHR
  Income:US:Hooli:Vacation                             -5 VACHR

2023-11-09 * "Hooli" "Payroll"
  Assets:US:BofA:Checking                         2550.60 USD
  Income:US:Hooli:Salary                         -4615.38 USD
  Income:US:Hooli:GroupTermLife                    -24.32 USD
  Expenses:Health:Life:GroupTermLife                24.32 USD
  Expenses:Health:Dental:Insurance                   2.90 USD
  Expenses:Health:Medical:Insurance                 27.38 USD
  Expenses:Health:Vision:Insurance                  42.30 USD
  Expenses:Taxes:Y2023:US:Medicare                 106.62 USD
  Expenses:Taxes:Y2023:US:Federal                 1062.92 USD
  Expenses:Taxes:Y2023:US:State                    365.08 USD
  Expenses:Taxes:Y2023:US:CityNYC                  174.92 USD
  Expenses:Taxes:Y2023:US:SDI                        1.12 USD
  Expenses:Taxes:Y2023:US:SocSec                   281.54 USD
  Assets:US:Hooli:Vacation                              5 VACHR
  Income:US:Hooli:Vacation                             -5 VACHR

2023-11-23 * "Hooli" "Payroll"
  Assets:US:BofA:Checking                         2550.60 USD
  Income:US:Hooli:Salary                         -4615.38 USD
  Income:US:Hooli:GroupTermLife                    -24.32 USD
  Expenses:Health:Life:GroupTermLife                24.32 USD
  Expenses:Health:Dental:Insurance                   2.90 USD
  Expenses:Health:Medical:Insurance                 27.38 USD
  Expenses:Health:Vision:Insurance                  42.30 USD
  Expenses:Taxes:Y2023:US:Medicare                 106.62 USD
  Expenses:Taxes:Y2023:US:Federal                 1062.92 USD
  Expenses:Taxes:Y2023:US:State                    365.08 USD
  Expenses:Taxes:Y2023:US:CityNYC                  174.92 USD
  Expenses:Taxes:Y2023:US:SDI                        1.12 USD
  Expenses:Taxes:Y2023:US:SocSec                   281.54 USD
  Assets:US:Hooli:Vacation                              5 VACHR
  Income:US:Hooli:Vacation                             -5 VACHR

2023-12-07 * "Hooli" "Payroll"
  Assets:US:BofA:Checking                         2589.06 USD
  Income:US:Hooli:Salary                         -4615.38 USD
  Income:US:Hooli:GroupTermLife                    -24.32 USD
  Expenses:Health:Life:GroupTermLife                24.32 USD
  Expenses:Health:Dental:Insurance                   2.90 USD
  Expenses:Health:Medical:Insurance                 27.38 USD
  Expenses:Health:Vision:Insurance                  42.30 USD
  Expenses:Taxes:Y2023:US:Medicare                 106.62 USD
  Expenses:Taxes:Y2023:US:Federal                 1062.92 USD
  Expenses:Taxes:Y2023:US:State                    365.08 USD
  Expenses:Taxes:Y2023:US:CityNYC                  174.92 USD
  Expenses:Taxes:Y2023:US:SDI                        1.12 USD
  Expenses:Taxes:Y2023:US:SocSec                   243.08 USD
  Assets:US:Hooli:Vacation                              5 VACHR
  Income:US:Hooli:Vacation                             -5 VACHR

2023-12-21 * "Hooli" "Payroll"
  Assets:US:BofA:Checking                         2832.14 USD
  Income:US:Hooli:Salary                         -4615.38 USD
  Income:US:Hooli:GroupTermLife                    -24.32 USD
  Expenses:Health:Life:GroupTermLife                24.32 USD
  Expenses:Health:Dental:Insurance                   2.90 USD
  Expenses:Health:Medical:Insurance                 27.38 USD
  Expenses:Health:Vision:Insurance                  42.30 USD
  Expenses:Taxes:Y2023:US:Medicare                 106.62 USD
  Expenses:Taxes:Y2023:US:Federal                 1062.92 USD
  Expenses:Taxes:Y2023:US:State                    365.08 USD
  Expenses:Taxes:Y2023:US:CityNYC                  174.92 USD
  Expenses:Taxes:Y2023:US:SDI                        1.12 USD
  Expenses:Taxes:Y2023:US:SocSec                     0.00 USD
  Assets:US:Hooli:Vacation                              5 VACHR
  Income:US:Hooli:Vacation                             -5 VACHR

2024-01-04 * "Hooli" "Payroll"
  Assets:US:BofA:Checking                         1350.60 USD
  Assets:US:Vanguard:Cash                         1200.00 USD
  Income:US:Hooli:Salary                         -4615.38 USD
  Income:US:Hooli:GroupTermLife                    -24.32 USD
  Expenses:Health:Life:GroupTermLife                24.32 USD
  Expenses:Health:Dental:Insurance                   2.90 USD
  Expenses:Health:Medical:Insurance                 27.38 USD
  Expenses:Health:Vision:Insurance                  42.30 USD
  Expenses:Taxes:Y2024:US:Medicare                 106.62 USD
  Expenses:Taxes:Y2024:US:Federal                 1062.92 USD
  Expenses:Taxes:Y2024:US:State                    365.08 USD
  Expenses:Taxes:Y2024:US:CityNYC                  174.92 USD
  Expenses:Taxes:Y2024:US:SDI                        1.12 USD
  Expenses:Taxes:Y2024:US:SocSec                   281.54 USD
  Assets:US:Federal:PreTax401k                   -1200.00 IRAUSD
  Expenses:Taxes:Y2024:US:Federal:PreTax401k      1200.00 IRAUSD
  Assets:US:Hooli:Vacation                              5 VACHR
  Income:US:Hooli:Vacation                             -5 VACHR

2024-01-18 * "Hooli" "Payroll"
  Assets:US:BofA:Checking                         1350.60 USD
  Assets:US:Vanguard:Cash                         1200.00 USD
  Income:US:Hooli:Salary                         -4615.38 USD
  Income:US:Hooli:GroupTermLife                    -24.32 USD
  Expenses:Health:Life:GroupTermLife                24.32 USD
  Expenses:Health:Dental:Insurance                   2.90 USD
  Expenses:Health:Medical:Insurance                 27.38 USD
  Expenses:Health:Vision:Insurance                  42.30 USD
  Expenses:Taxes:Y2024:US:Medicare                 106.62 USD
  Expenses:Taxes:Y2024:US:Federal                 1062.92 USD
  Expenses:Taxes:Y2024:US:State                    365.08 USD
  Expenses:Taxes:Y2024:US:CityNYC                  174.92 USD
  Expenses:Taxes:Y2024:US:SDI                        1.12 USD
  Expenses:Taxes:Y2024:US:SocSec                   281.54 USD
  Assets:US:Federal:PreTax401k                   -1200.00 IRAUSD
  Expenses:Taxes:Y2024:US:Federal:PreTax401k      1200.00 IRAUSD
  Assets:US:Hooli:Vacation                              5 VACHR
  Income:US:Hooli:Vacation                             -5 VACHR

2024-02-01 * "Hooli" "Payroll"
  Assets:US:BofA:Checking                         1350.60 USD
  Assets:US:Vanguard:Cash                         1200.00 USD
  Income:US:Hooli:Salary                         -4615.38 USD
  Income:US:Hooli:GroupTermLife                    -24.32 USD
  Expenses:Health:Life:GroupTermLife                24.32 USD
  Expenses:Health:Dental:Insurance                   2.90 USD
  Expenses:Health:Medical:Insurance                 27.38 USD
  Expenses:Health:Vision:Insurance                  42.30 USD
  Expenses:Taxes:Y2024:US:Medicare                 106.62 USD
  Expenses:Taxes:Y2024:US:Federal                 1062.92 USD
  Expenses:Taxes:Y2024:US:State                    365.08 USD
  Expenses:Taxes:Y2024:US:CityNYC                  174.92 USD
  Expenses:Taxes:Y2024:US:SDI                        1.12 USD
  Expenses:Taxes:Y2024:US:SocSec                   281.54 USD
  Assets:US:Federal:PreTax401k                   -1200.00 IRAUSD
  Expenses:Taxes:Y2024:US:Federal:PreTax401k      1200.00 IRAUSD
  Assets:US:Hooli:Vacation                              5 VACHR
  Income:US:Hooli:Vacation                             -5 VACHR

2024-02-15 * "Hooli" "Payroll"
  Assets:US:BofA:Checking                         1350.60 USD
  Assets:US:Vanguard:Cash                         1200.00 USD
  Income:US:Hooli:Salary                         -4615.38 USD
  Income:US:Hooli:GroupTermLife                    -24.32 USD
  Expenses:Health:Life:GroupTermLife                24.32 USD
  Expenses:Health:Dental:Insurance                   2.90 USD
  Expenses:Health:Medical:Insurance                 27.38 USD
  Expenses:Health:Vision:Insurance                  42.30 USD
  Expenses:Taxes:Y2024:US:Medicare                 106.62 USD
  Expenses:Taxes:Y2024:US:Federal                 1062.92 USD
  Expenses:Taxes:Y2024:US:State                    365.08 USD
  Expenses:Taxes:Y2024:US:CityNYC                  174.92 USD
  Expenses:Taxes:Y2024:US:SDI                        1.12 USD
  Expenses:Taxes:Y2024:US:SocSec                   281.54 USD
  Assets:US:Federal:PreTax401k                   -1200.00 IRAUSD
  Expenses:Taxes:Y2024:US:Federal:PreTax401k      1200.00 IRAUSD
  Assets:US:Hooli:Vacation                              5 VACHR
  Income:US:Hooli:Vacation                             -5 VACHR

2024-02-29 * "Hooli" "Payroll"
  Assets:US:BofA:Checking                         1350.60 USD
  Assets:US:Vanguard:Cash                         1200.00 USD
  Income:US:Hooli:Salary                         -4615.38 USD
  Income:US:Hooli:GroupTermLife                    -24.32 USD
  Expenses:Health:Life:GroupTermLife                24.32 USD
  Expenses:Health:Dental:Insurance                   2.90 USD
  Expenses:Health:Medical:Insurance                 27.38 USD
  Expenses:Health:Vision:Insurance                  42.30 USD
  Expenses:Taxes:Y2024:US:Medicare                 106.62 USD
  Expenses:Taxes:Y2024:US:Federal                 1062.92 USD
  Expenses:Taxes:Y2024:US:State                    365.08 USD
  Expenses:Taxes:Y2024:US:CityNYC                  174.92 USD
  Expenses:Taxes:Y2024:US:SDI                        1.12 USD
  Expenses:Taxes:Y2024:US:SocSec                   281.54 USD
  Assets:US:Federal:PreTax401k                   -1200.00 IRAUSD
  Expenses:Taxes:Y2024:US:Federal:PreTax401k      1200.00 IRAUSD
  Assets:US:Hooli:Vacation                              5 VACHR
  Income:US:Hooli:Vacation                             -5 VACHR

2024-03-14 * "Hooli" "Payroll"
  Assets:US:BofA:Checking                         1350.60 USD
  Assets:US:Vanguard:Cash                         1200.00 USD
  Income:US:Hooli:Salary                         -4615.38 USD
  Income:US:Hooli:GroupTermLife                    -24.32 USD
  Expenses:Health:Life:GroupTermLife                24.32 USD
  Expenses:Health:Dental:Insurance                   2.90 USD
  Expenses:Health:Medical:Insurance                 27.38 USD
  Expenses:Health:Vision:Insurance                  42.30 USD
  Expenses:Taxes:Y2024:US:Medicare                 106.62 USD
  Expenses:Taxes:Y2024:US:Federal                 1062.92 USD
  Expenses:Taxes:Y2024:US:State                    365.08 USD
  Expenses:Taxes:Y2024:US:CityNYC                  174.92 USD
  Expenses:Taxes:Y2024:US:SDI                        1.12 USD
  Expenses:Taxes:Y2024:US:SocSec                   281.54 USD
  Assets:US:Federal:PreTax401k                   -1200.00 IRAUSD
  Expenses:Taxes:Y2024:US:Federal:PreTax401k      1200.00 IRAUSD
  Assets:US:Hooli:Vacation                              5 VACHR
  Income:US:Hooli:Vacation                             -5 VACHR

2024-03-28 * "Hooli" "Payroll"
  Assets:US:BofA:Checking                         1350.60 USD
  Assets:US:Vanguard:Cash                         1200.00 USD
  Income:US:Hooli:Salary                         -4615.38 USD
  Income:US:Hooli:GroupTermLife                    -24.32 USD
  Expenses:Health:Life:GroupTermLife                24.32 USD
  Expenses:Health:Dental:Insurance                   2.90 USD
  Expenses:Health:Medical:Insurance                 27.38 USD
  Expenses:Health:Vision:Insurance                  42.30 USD
  Expenses:Taxes:Y2024:US:Medicare                 106.62 USD
  Expenses:Taxes:Y2024:US:Federal                 1062.92 USD
  Expenses:Taxes:Y2024:US:State                    365.08 USD
  Expenses:Taxes:Y2024:US:CityNYC                  174.92 USD
  Expenses:Taxes:Y2024:US:SDI                        1.12 USD
  Expenses:Taxes:Y2024:US:SocSec                   281.54 USD
  Assets:US:Federal:PreTax401k                   -1200.00 IRAUSD
  Expenses:Taxes:Y2024:US:Federal:PreTax401k      1200.00 IRAUSD
  Assets:US:Hooli:Vacation                              5 VACHR
  Income:US:Hooli:Vacation                             -5 VACHR

2024-04-11 * "Hooli" "Payroll"
  Assets:US:BofA:Checking                         1350.60 USD
  Assets:US:Vanguard:Cash                         1200.00 USD
  Income:US:Hooli:Salary                         -4615.38 USD
  Income:US:Hooli:GroupTermLife                    -24.32 USD
  Expenses:Health:Life:GroupTermLife                24.32 USD
  Expenses:Health:Dental:Insurance                   2.90 USD
  Expenses:Health:Medical:Insurance                 27.38 USD
  Expenses:Health:Vision:Insurance                  42.30 USD
  Expenses:Taxes:Y2024:US:Medicare                 106.62 USD
  Expenses:Taxes:Y2024:US:Federal                 1062.92 USD
  Expenses:Taxes:Y2024:US:State                    365.08 USD
  Expenses:Taxes:Y2024:US:CityNYC                  174.92 USD
  Expenses:Taxes:Y2024:US:SDI                        1.12 USD
  Expenses:Taxes:Y2024:US:SocSec                   281.54 USD
  Assets:US:Federal:PreTax401k                   -1200.00 IRAUSD
  Expenses:Taxes:Y2024:US:Federal:PreTax401k      1200.00 IRAUSD
  Assets:US:Hooli:Vacation                              5 VACHR
  Income:US:Hooli:Vacation                             -5 VACHR

2024-04-25 * "Hooli" "Payroll"
  Assets:US:BofA:Checking                         1350.60 USD
  Assets:US:Vanguard:Cash                         1200.00 USD
  Income:US:Hooli:Salary                         -4615.38 USD
  Income:US:Hooli:GroupTermLife                    -24.32 USD
  Expenses:Health:Life:GroupTermLife                24.32 USD
  Expenses:Health:Dental:Insurance                   2.90 USD
  Expenses:Health:Medical:Insurance                 27.38 USD
  Expenses:Health:Vision:Insurance                  42.30 USD
  Expenses:Taxes:Y2024:US:Medicare                 106.62 USD
  Expenses:Taxes:Y2024:US:Federal                 1062.92 USD
  Expenses:Taxes:Y2024:US:State                    365.08 USD
  Expenses:Taxes:Y2024:US:CityNYC                  174.92 USD
  Expenses:Taxes:Y2024:US:SDI                        1.12 USD
  Expenses:Taxes:Y2024:US:SocSec                   281.54 USD
  Assets:US:Federal:PreTax401k                   -1200.00 IRAUSD
  Expenses:Taxes:Y2024:US:Federal:PreTax401k      1200.00 IRAUSD
  Assets:US:Hooli:Vacation                              5 VACHR
  Income:US:Hooli:Vacation                             -5 VACHR

2024-05-09 * "Hooli" "Payroll"
  Assets:US:BofA:Checking                         1350.60 USD
  Assets:US:Vanguard:Cash                         1200.00 USD
  Income:US:Hooli:Salary                         -4615.38 USD
  Income:US:Hooli:GroupTermLife                    -24.32 USD
  Expenses:Health:Life:GroupTermLife                24.32 USD
  Expenses:Health:Dental:Insurance                   2.90 USD
  Expenses:Health:Medical:Insurance                 27.38 USD
  Expenses:Health:Vision:Insurance                  42.30 USD
  Expenses:Taxes:Y2024:US:Medicare                 106.62 USD
  Expenses:Taxes:Y2024:US:Federal                 1062.92 USD
  Expenses:Taxes:Y2024:US:State                    365.08 USD
  Expenses:Taxes:Y2024:US:CityNYC                  174.92 USD
  Expenses:Taxes:Y2024:US:SDI                        1.12 USD
  Expenses:Taxes:Y2024:US:SocSec                   281.54 USD
  Assets:US:Federal:PreTax401k                   -1200.00 IRAUSD
  Expenses:Taxes:Y2024:US:Federal:PreTax401k      1200.00 IRAUSD
  Assets:US:Hooli:Vacation                              5 VACHR
  Income:US:Hooli:Vacation                             -5 VACHR

2024-05-23 * "Hooli" "Payroll"
  Assets:US:BofA:Checking                         1350.60 USD
  Assets:US:Vanguard:Cash                         1200.00 USD
  Income:US:Hooli:Salary                         -4615.38 USD
  Income:US:Hooli:GroupTermLife                    -24.32 USD
  Expenses:Health:Life:GroupTermLife                24.32 USD
  Expenses:Health:Dental:Insurance                   2.90 USD
  Expenses:Health:Medical:Insurance                 27.38 USD
  Expenses:Health:Vision:Insurance                  42.30 USD
  Expenses:Taxes:Y2024:US:Medicare                 106.62 USD
  Expenses:Taxes:Y2024:US:Federal                 1062.92 USD
  Expenses:Taxes:Y2024:US:State                    365.08 USD
  Expenses:Taxes:Y2024:US:CityNYC                  174.92 USD
  Expenses:Taxes:Y2024:US:SDI                        1.12 USD
  Expenses:Taxes:Y2024:US:SocSec                   281.54 USD
  Assets:US:Federal:PreTax401k                   -1200.00 IRAUSD
  Expenses:Taxes:Y2024:US:Federal:PreTax401k      1200.00 IRAUSD
  Assets:US:Hooli:Vacation                              5 VACHR
  Income:US:Hooli:Vacation                             -5 VACHR

2024-06-06 * "Hooli" "Payroll"
  Assets:US:BofA:Checking                         1350.60 USD
  Assets:US:Vanguard:Cash                         1200.00 USD
  Income:US:Hooli:Salary                         -4615.38 USD
  Income:US:Hooli:GroupTermLife                    -24.32 USD
  Expenses:Health:Life:GroupTermLife                24.32 USD
  Expenses:Health:Dental:Insurance                   2.90 USD
  Expenses:Health:Medical:Insurance                 27.38 USD
  Expenses:Health:Vision:Insurance                  42.30 USD
  Expenses:Taxes:Y2024:US:Medicare                 106.62 USD
  Expenses:Taxes:Y2024:US:Federal                 1062.92 USD
  Expenses:Taxes:Y2024:US:State                    365.08 USD
  Expenses:Taxes:Y2024:US:CityNYC                  174.92 USD
  Expenses:Taxes:Y2024:US:SDI                        1.12 USD
  Expenses:Taxes:Y2024:US:SocSec                   281.54 USD
  Assets:US:Federal:PreTax401k                   -1200.00 IRAUSD
  Expenses:Taxes:Y2024:US:Federal:PreTax401k      1200.00 IRAUSD
  Assets:US:Hooli:Vacation                              5 VACHR
  Income:US:Hooli:Vacation                             -5 VACHR

2024-06-20 * "Hooli" "Payroll"
  Assets:US:BofA:Checking                         1350.60 USD
  Assets:US:Vanguard:Cash                         1200.00 USD
  Income:US:Hooli:Salary                         -4615.38 USD
  Income:US:Hooli:GroupTermLife                    -24.32 USD
  Expenses:Health:Life:GroupTermLife                24.32 USD
  Expenses:Health:Dental:Insurance                   2.90 USD
  Expenses:Health:Medical:Insurance                 27.38 USD
  Expenses:Health:Vision:Insurance                  42.30 USD
  Expenses:Taxes:Y2024:US:Medicare                 106.62 USD
  Expenses:Taxes:Y2024:US:Federal                 1062.92 USD
  Expenses:Taxes:Y2024:US:State                    365.08 USD
  Expenses:Taxes:Y2024:US:CityNYC                  174.92 USD
  Expenses:Taxes:Y2024:US:SDI                        1.12 USD
  Expenses:Taxes:Y2024:US:SocSec                   281.54 USD
  Assets:US:Federal:PreTax401k                   -1200.00 IRAUSD
  Expenses:Taxes:Y2024:US:Federal:PreTax401k      1200.00 IRAUSD
  Assets:US:Hooli:Vacation                              5 VACHR
  Income:US:Hooli:Vacation                             -5 VACHR

2024-07-04 * "Hooli" "Payroll"
  Assets:US:BofA:Checking                         1350.60 USD
  Assets:US:Vanguard:Cash                         1200.00 USD
  Income:US:Hooli:Salary                         -4615.38 USD
  Income:US:Hooli:GroupTermLife                    -24.32 USD
  Expenses:Health:Life:GroupTermLife                24.32 USD
  Expenses:Health:Dental:Insurance                   2.90 USD
  Expenses:Health:Medical:Insurance                 27.38 USD
  Expenses:Health:Vision:Insurance                  42.30 USD
  Expenses:Taxes:Y2024:US:Medicare                 106.62 USD
  Expenses:Taxes:Y2024:US:Federal                 1062.92 USD
  Expenses:Taxes:Y2024:US:State                    365.08 USD
  Expenses:Taxes:Y2024:US:CityNYC                  174.92 USD
  Expenses:Taxes:Y2024:US:SDI                        1.12 USD
  Expenses:Taxes:Y2024:US:SocSec                   281.54 USD
  Assets:US:Federal:PreTax401k                   -1200.00 IRAUSD
  Expenses:Taxes:Y2024:US:Federal:PreTax401k      1200.00 IRAUSD
  Assets:US:Hooli:Vacation                              5 VACHR
  Income:US:Hooli:Vacation                             -5 VACHR

2024-07-18 * "Hooli" "Payroll"
  Assets:US:BofA:Checking                         1350.60 USD
  Assets:US:Vanguard:Cash                         1200.00 USD
  Income:US:Hooli:Salary                         -4615.38 USD
  Income:US:Hooli:GroupTermLife                    -24.32 USD
  Expenses:Health:Life:GroupTermLife                24.32 USD
  Expenses:Health:Dental:Insurance                   2.90 USD
  Expenses:Health:Medical:Insurance                 27.38 USD
  Expenses:Health:Vision:Insurance                  42.30 USD
  Expenses:Taxes:Y2024:US:Medicare                 106.62 USD
  Expenses:Taxes:Y2024:US:Federal                 1062.92 USD
  Expenses:Taxes:Y2024:US:State                    365.08 USD
  Expenses:Taxes:Y2024:US:CityNYC                  174.92 USD
  Expenses:Taxes:Y2024:US:SDI                        1.12 USD
  Expenses:Taxes:Y2024:US:SocSec                   281.54 USD
  Assets:US:Federal:PreTax401k                   -1200.00 IRAUSD
  Expenses:Taxes:Y2024:US:Federal:PreTax401k      1200.00 IRAUSD
  Assets:US:Hooli:Vacation                              5 VACHR
  Income:US:Hooli:Vacation                             -5 VACHR

2024-08-01 * "Hooli" "Payroll"
  Assets:US:BofA:Checking                         2050.60 USD
  Assets:US:Vanguard:Cash                          500.00 USD
  Income:US:Hooli:Salary                         -4615.38 USD
  Income:US:Hooli:GroupTermLife                    -24.32 USD
  Expenses:Health:Life:GroupTermLife                24.32 USD
  Expenses:Health:Dental:Insurance                   2.90 USD
  Expenses:Health:Medical:Insurance                 27.38 USD
  Expenses:Health:Vision:Insurance                  42.30 USD
  Expenses:Taxes:Y2024:US:Medicare                 106.62 USD
  Expenses:Taxes:Y2024:US:Federal                 1062.92 USD
  Expenses:Taxes:Y2024:US:State                    365.08 USD
  Expenses:Taxes:Y2024:US:CityNYC                  174.92 USD
  Expenses:Taxes:Y2024:US:SDI                        1.12 USD
  Expenses:Taxes:Y2024:US:SocSec                   281.54 USD
  Assets:US:Federal:PreTax401k                    -500.00 IRAUSD
  Expenses:Taxes:Y2024:US:Federal:PreTax401k       500.00 IRAUSD
  Assets:US:Hooli:Vacation                              5 VACHR
  Income:US:Hooli:Vacation                             -5 VACHR

2024-08-15 * "Hooli" "Payroll"
  Assets:US:BofA:Checking                         2550.60 USD
  Income:US:Hooli:Salary                         -4615.38 USD
  Income:US:Hooli:GroupTermLife                    -24.32 USD
  Expenses:Health:Life:GroupTermLife                24.32 USD
  Expenses:Health:Dental:Insurance                   2.90 USD
  Expenses:Health:Medical:Insurance                 27.38 USD
  Expenses:Health:Vision:Insurance                  42.30 USD
  Expenses:Taxes:Y2024:US:Medicare                 106.62 USD
  Expenses:Taxes:Y2024:US:Federal                 1062.92 USD
  Expenses:Taxes:Y2024:US:State                    365.08 USD
  Expenses:Taxes:Y2024:US:CityNYC                  174.92 USD
  Expenses:Taxes:Y2024:US:SDI                        1.12 USD
  Expenses:Taxes:Y2024:US:SocSec                   281.54 USD
  Assets:US:Hooli:Vacation                              5 VACHR
  Income:US:Hooli:Vacation                             -5 VACHR



* Taxes

1980-05-12 open Income:US:Federal:PreTax401k                    IRAUSD
1980-05-12 open Assets:US:Federal:PreTax401k                    IRAUSD



** Tax Year 2022

2022-01-01 open Expenses:Taxes:Y2022:US:Federal:PreTax401k      IRAUSD
2022-01-01 open Expenses:Taxes:Y2022:US:Medicare                USD
2022-01-01 open Expenses:Taxes:Y2022:US:Federal                 USD
2022-01-01 open Expenses:Taxes:Y2022:US:CityNYC                 USD
2022-01-01 open Expenses:Taxes:Y2022:US:SDI                     USD
2022-01-01 open Expenses:Taxes:Y2022:US:State                   USD
2022-01-01 open Expenses:Taxes:Y2022:US:SocSec                  USD

2022-01-01 balance Assets:US:Federal:PreTax401k         0 IRAUSD

2022-01-01 * "Allowed contributions for one year"
  Income:US:Federal:PreTax401k                     -18500 IRAUSD
  Assets:US:Federal:PreTax401k                      18500 IRAUSD

2023-03-24 * "Filing taxes for 2022"
  Expenses:Taxes:Y2022:US:Federal                  473.09 USD
  Expenses:Taxes:Y2022:US:State                    159.08 USD
  Liabilities:AccountsPayable                     -632.17 USD

2023-03-27 * "FEDERAL TAXPYMT"
  Assets:US:BofA:Checking                         -473.09 USD
  Liabilities:AccountsPayable                      473.09 USD

2023-03-27 * "STATE TAX & FINANC PYMT"
  Assets:US:BofA:Checking                         -159.08 USD
  Liabilities:AccountsPayable                      159.08 USD



** Tax Year 2023

2023-01-01 open Expenses:Taxes:Y2023:US:Federal:PreTax401k      IRAUSD
2023-01-01 open Expenses:Taxes:Y2023:US:Medicare                USD
2023-01-01 open Expenses:Taxes:Y2023:US:Federal                 USD
2023-01-01 open Expenses:Taxes:Y2023:US:CityNYC                 USD
2023-01-01 open Expenses:Taxes:Y2023:US:SDI                     USD
2023-01-01 open Expenses:Taxes:Y2023:US:State                   USD
2023-01-01 open Expenses:Taxes:Y2023:US:SocSec                  USD

2023-01-01 balance Assets:US:Federal:PreTax401k         0 IRAUSD

2023-01-01 * "Allowed contributions for one year"
  Income:US:Federal:PreTax401k                     -18500 IRAUSD
  Assets:US:Federal:PreTax401k                      18500 IRAUSD

2024-03-22 * "Filing taxes for 2023"
  Expenses:Taxes:Y2023:US:Federal                  479.38 USD
  Expenses:Taxes:Y2023:US:State                    348.38 USD
  Liabilities:AccountsPayable                     -827.76 USD

2024-03-22 * "FEDERAL TAXPYMT"
  Assets:US:BofA:Checking                         -479.38 USD
  Liabilities:AccountsPayable                      479.38 USD

2024-03-25 * "STATE TAX & FINANC PYMT"
  Assets:US:BofA:Checking                         -348.38 USD
  Liabilities:AccountsPayable                      348.38 USD



** Tax Year 2024

2024-01-01 open Expenses:Taxes:Y2024:US:Federal:PreTax401k      IRAUSD
2024-01-01 open Expenses:Taxes:Y2024:US:Medicare                USD
2024-01-01 open Expenses:Taxes:Y2024:US:Federal                 USD
2024-01-01 open Expenses:Taxes:Y2024:US:CityNYC                 USD
2024-01-01 open Expenses:Taxes:Y2024:US:SDI                     USD
2024-01-01 open Expenses:Taxes:Y2024:US:State                   USD
2024-01-01 open Expenses:Taxes:Y2024:US:SocSec                  USD

2024-01-01 balance Assets:US:Federal:PreTax401k         0 IRAUSD

2024-01-01 * "Allowed contributions for one year"
  Income:US:Federal:PreTax401k                     -18500 IRAUSD
  Assets:US:Federal:PreTax401k                      18500 IRAUSD



* Expenses

1980-05-12 open Expenses:Food:Groceries
1980-05-12 open Expenses:Food:Restaurant
1980-05-12 open Expenses:Food:Coffee
1980-05-12 open Expenses:Food:Alcohol
1980-05-12 open Expenses:Transport:Tram
1980-05-12 open Expenses:Home:Rent
1980-05-12 open Expenses:Home:Electricity
1980-05-12 open Expenses:Home:Internet
1980-05-12 open Expenses:Home:Phone
1980-05-12 open Expenses:Financial:Fees
1980-05-12 open Expenses:Financial:Commissions



* Prices

2022-01-07 price VBMPX                              87.95 USD
2022-01-07 price RGAGX                             126.19 USD
2022-01-07 price ITOT                               52.86 USD
2022-01-07 price VEA                               127.01 USD
2022-01-07 price VHT                               194.27 USD
2022-01-07 price GLD                                79.60 USD
2022-01-14 price VBMPX                              89.47 USD
2022-01-14 price RGAGX                             125.90 USD
2022-01-14 price ITOT                               53.05 USD
2022-01-14 price VEA                               127.15 USD
2022-01-14 price VHT                               188.66 USD
2022-01-14 price GLD                                79.74 USD
2022-01-21 price VBMPX                              91.43 USD
2022-01-21 price RGAGX                             124.93 USD
2022-01-21 price ITOT                               53.14 USD
2022-01-21 price VEA                               126.88 USD
2022-01-21 price VHT                               193.49 USD
2022-01-21 price GLD                                79.42 USD
2022-01-28 price VBMPX                              92.55 USD
2022-01-28 price RGAGX                             125.34 USD
2022-01-28 price ITOT                               52.63 USD
2022-01-28 price VEA                               126.43 USD
2022-01-28 price VHT                               193.76 USD
2022-01-28 price GLD                                79.35 USD
2022-02-04 price VBMPX                              92.60 USD
2022-02-04 price RGAGX                             123.51 USD
2022-02-04 price ITOT                               52.25 USD
2022-02-04 price VEA                               126.76 USD
2022-02-04 price VHT                               195.99 USD
2022-02-04 price GLD                                79.95 USD
2022-02-11 price VBMPX                              91.71 USD
2022-02-11 price RGAGX                             124.04 USD
2022-02-11 price ITOT                               52.80 USD
2022-02-11 price VEA                               126.09 USD
2022-02-11 price VHT                               195.99 USD
2022-02-11 price GLD                                80.29 USD
2022-02-18 price VBMPX                              93.71 USD
2022-02-18 price RGAGX                             122.97 USD
2022-02-18 price ITOT                               52.50 USD
2022-02-18 price VEA                               126.24 USD
2022-02-18 price VHT                               196.49 USD
2022-02-18 price GLD                                80.21 USD
2022-02-25 price VBMPX                              93.52 USD
2022-02-25 price RGAGX                             123.53 USD
2022-02-25 price ITOT                               53.24 USD
2022-02-25 price VEA                               126.93 USD
2022-02-25 price VHT                               198.86 USD
2022-02-25 price GLD                                80.38 USD
2022-03-04 price VBMPX                              95.88 USD
2022-03-04 price RGAGX                             123.50 USD
2022-03-04 price ITOT                               53.18 USD
2022-03-04 price VEA                               127.34 USD
2022-03-04 price VHT                               202.74 USD
2022-03-04 price GLD                                80.94 USD
2022-03-11 price VBMPX                              99.63 USD
2022-03-11 price RGAGX                             125.08 USD
2022-03-11 price ITOT                               53.90 USD
2022-03-11 price VEA                               128.24 USD
2022-03-11 price VHT                               201.41 USD
2022-03-11 price GLD                                82.12 USD
2022-03-18 price VBMPX                              99.48 USD
2022-03-18 price RGAGX                             124.49 USD
2022-03-18 price ITOT                               54.32 USD
2022-03-18 price VEA                               126.50 USD
2022-03-18 price VHT                               199.77 USD
2022-03-18 price GLD                                82.18 USD
2022-03-25 price VBMPX                              98.67 USD
2022-03-25 price RGAGX                             123.98 USD
2022-03-25 price ITOT                               56.95 USD
2022-03-25 price VEA                               125.39 USD
2022-03-25 price VHT                               206.19 USD
2022-03-25 price GLD                                82.78 USD
2022-04-01 price VBMPX                             100.20 USD
2022-04-01 price RGAGX                             123.11 USD
2022-04-01 price ITOT                               56.63 USD
2022-04-01 price VEA                               125.78 USD
2022-04-01 price VHT                               207.43 USD
2022-04-01 price GLD                                82.34 USD
2022-04-08 price VBMPX                             101.60 USD
2022-04-08 price RGAGX                             124.42 USD
2022-04-08 price ITOT                               56.82 USD
2022-04-08 price VEA                               126.03 USD
2022-04-08 price VHT                               209.53 USD
2022-04-08 price GLD                                81.50 USD
2022-04-15 price VBMPX                              99.81 USD
2022-04-15 price RGAGX                             123.84 USD
2022-04-15 price ITOT                               56.87 USD
2022-04-15 price VEA                               126.36 USD
2022-04-15 price VHT                               208.53 USD
2022-04-15 price GLD                                81.03 USD
2022-04-22 price VBMPX                             100.60 USD
2022-04-22 price RGAGX                             123.72 USD
2022-04-22 price ITOT                               57.30 USD
2022-04-22 price VEA                               126.89 USD
2022-04-22 price VHT                               207.64 USD
2022-04-22 price GLD                                81.15 USD
2022-04-29 price VBMPX                             102.96 USD
2022-04-29 price RGAGX                             122.68 USD
2022-04-29 price ITOT                               57.14 USD
2022-04-29 price VEA                               127.21 USD
2022-04-29 price VHT                               207.41 USD
2022-04-29 price GLD                                80.67 USD
2022-05-06 price VBMPX                             103.73 USD
2022-05-06 price RGAGX                             124.37 USD
2022-05-06 price ITOT                               55.82 USD
2022-05-06 price VEA                               126.96 USD
2022-05-06 price VHT                               208.93 USD
2022-05-06 price GLD                                80.72 USD
2022-05-13 price VBMPX                             105.57 USD
2022-05-13 price RGAGX                             124.45 USD
2022-05-13 price ITOT                               55.06 USD
2022-05-13 price VEA                               126.42 USD
2022-05-13 price VHT                               210.07 USD
2022-05-13 price GLD                                80.91 USD
2022-05-20 price VBMPX                             105.29 USD
2022-05-20 price RGAGX                             122.90 USD
2022-05-20 price ITOT                               54.45 USD
2022-05-20 price VEA                               126.49 USD
2022-05-20 price VHT                               207.87 USD
2022-05-20 price GLD                                80.29 USD
2022-05-27 price VBMPX                             101.91 USD
2022-05-27 price RGAGX                             123.10 USD
2022-05-27 price ITOT                               55.29 USD
2022-05-27 price VEA                               126.79 USD
2022-05-27 price VHT                               209.72 USD
2022-05-27 price GLD                                80.32 USD
2022-06-03 price VBMPX                             102.60 USD
2022-06-03 price RGAGX                             123.75 USD
2022-06-03 price ITOT                               54.14 USD
2022-06-03 price VEA                               126.74 USD
2022-06-03 price VHT                               211.83 USD
2022-06-03 price GLD                                80.98 USD
2022-06-10 price VBMPX                             104.81 USD
2022-06-10 price RGAGX                             123.58 USD
2022-06-10 price ITOT                               54.96 USD
2022-06-10 price VEA                               128.10 USD
2022-06-10 price VHT                               211.25 USD
2022-06-10 price GLD                                80.49 USD
2022-06-17 price VBMPX                             106.13 USD
2022-06-17 price RGAGX                             124.01 USD
2022-06-17 price ITOT                               55.00 USD
2022-06-17 price VEA                               128.27 USD
2022-06-17 price VHT                               209.99 USD
2022-06-17 price GLD                                79.95 USD
2022-06-24 price VBMPX                             105.04 USD
2022-06-24 price RGAGX                             124.47 USD
2022-06-24 price ITOT                               55.68 USD
2022-06-24 price VEA                               128.13 USD
2022-06-24 price VHT                               211.53 USD
2022-06-24 price GLD                                80.34 USD
2022-07-01 price VBMPX                             104.57 USD
2022-07-01 price RGAGX                             124.09 USD
2022-07-01 price ITOT                               55.32 USD
2022-07-01 price VEA                               128.38 USD
2022-07-01 price VHT                               210.90 USD
2022-07-01 price GLD                                80.26 USD
2022-07-08 price VBMPX                             105.89 USD
2022-07-08 price RGAGX                             125.71 USD
2022-07-08 price ITOT                               56.78 USD
2022-07-08 price VEA                               128.00 USD
2022-07-08 price VHT                               217.82 USD
2022-07-08 price GLD                                80.72 USD
2022-07-15 price VBMPX                             108.94 USD
2022-07-15 price RGAGX                             127.74 USD
2022-07-15 price ITOT                               56.23 USD
2022-07-15 price VEA                               128.82 USD
2022-07-15 price VHT                               219.85 USD
2022-07-15 price GLD                                80.99 USD
2022-07-22 price VBMPX                             109.43 USD
2022-07-22 price RGAGX                             130.04 USD
2022-07-22 price ITOT                               56.32 USD
2022-07-22 price VEA                               128.09 USD
2022-07-22 price VHT                               220.13 USD
2022-07-22 price GLD                                81.33 USD
2022-07-29 price VBMPX                             109.88 USD
2022-07-29 price RGAGX                             131.25 USD
2022-07-29 price ITOT                               57.24 USD
2022-07-29 price VEA                               128.05 USD
2022-07-29 price VHT                               218.05 USD
2022-07-29 price GLD                                82.05 USD
2022-08-05 price VBMPX                             111.84 USD
2022-08-05 price RGAGX                             131.86 USD
2022-08-05 price ITOT                               57.56 USD
2022-08-05 price VEA                               127.62 USD
2022-08-05 price VHT                               217.69 USD
2022-08-05 price GLD                                82.25 USD
2022-08-12 price VBMPX                             110.90 USD
2022-08-12 price RGAGX                             132.12 USD
2022-08-12 price ITOT                               58.70 USD
2022-08-12 price VEA                               128.28 USD
2022-08-12 price VHT                               218.31 USD
2022-08-12 price GLD                                81.85 USD
2022-08-19 price VBMPX                             113.38 USD
2022-08-19 price RGAGX                             132.24 USD
2022-08-19 price ITOT                               57.33 USD
2022-08-19 price VEA                               127.30 USD
2022-08-19 price VHT                               220.30 USD
2022-08-19 price GLD                                82.07 USD
2022-08-26 price VBMPX                             111.25 USD
2022-08-26 price RGAGX                             133.12 USD
2022-08-26 price ITOT                               57.36 USD
2022-08-26 price VEA                               128.62 USD
2022-08-26 price VHT                               219.72 USD
2022-08-26 price GLD                                81.82 USD
2022-09-02 price VBMPX                             113.05 USD
2022-09-02 price RGAGX                             133.83 USD
2022-09-02 price ITOT                               57.54 USD
2022-09-02 price VEA                               127.72 USD
2022-09-02 price VHT                               220.31 USD
2022-09-02 price GLD                                82.08 USD
2022-09-09 price VBMPX                             115.28 USD
2022-09-09 price RGAGX                             132.38 USD
2022-09-09 price ITOT                               56.64 USD
2022-09-09 price VEA                               126.73 USD
2022-09-09 price VHT                               221.25 USD
2022-09-09 price GLD                                82.91 USD
2022-09-16 price VBMPX                             120.45 USD
2022-09-16 price RGAGX                             134.38 USD
2022-09-16 price ITOT                               56.41 USD
2022-09-16 price VEA                               125.16 USD
2022-09-16 price VHT                               216.36 USD
2022-09-16 price GLD                                82.53 USD
2022-09-23 price VBMPX                             123.01 USD
2022-09-23 price RGAGX                             133.53 USD
2022-09-23 price ITOT                               57.89 USD
2022-09-23 price VEA                               124.43 USD
2022-09-23 price VHT                               217.90 USD
2022-09-23 price GLD                                81.89 USD
2022-09-30 price VBMPX                             126.34 USD
2022-09-30 price RGAGX                             134.24 USD
2022-09-30 price ITOT                               58.16 USD
2022-09-30 price VEA                               124.18 USD
2022-09-30 price VHT                               215.40 USD
2022-09-30 price GLD                                81.65 USD
2022-10-07 price VBMPX                             129.06 USD
2022-10-07 price RGAGX                             136.30 USD
2022-10-07 price ITOT                               58.04 USD
2022-10-07 price VEA                               124.98 USD
2022-10-07 price VHT                               214.23 USD
2022-10-07 price GLD                                82.37 USD
2022-10-14 price VBMPX                             128.85 USD
2022-10-14 price RGAGX                             136.82 USD
2022-10-14 price ITOT                               59.13 USD
2022-10-14 price VEA                               125.12 USD
2022-10-14 price VHT                               212.66 USD
2022-10-14 price GLD                                82.26 USD
2022-10-21 price VBMPX                             126.82 USD
2022-10-21 price RGAGX                             138.82 USD
2022-10-21 price ITOT                               59.71 USD
2022-10-21 price VEA                               125.74 USD
2022-10-21 price VHT                               209.95 USD
2022-10-21 price GLD                                82.08 USD
2022-10-28 price VBMPX                             127.89 USD
2022-10-28 price RGAGX                             140.51 USD
2022-10-28 price ITOT                               61.01 USD
2022-10-28 price VEA                               126.19 USD
2022-10-28 price VHT                               208.40 USD
2022-10-28 price GLD                                82.37 USD
2022-11-04 price VBMPX                             125.72 USD
2022-11-04 price RGAGX                             141.30 USD
2022-11-04 price ITOT                               60.69 USD
2022-11-04 price VEA                               126.58 USD
2022-11-04 price VHT                               208.32 USD
2022-11-04 price GLD                                83.20 USD
2022-11-11 price VBMPX                             125.03 USD
2022-11-11 price RGAGX                             144.45 USD
2022-11-11 price ITOT                               60.34 USD
2022-11-11 price VEA                               127.15 USD
2022-11-11 price VHT                               207.68 USD
2022-11-11 price GLD                                83.93 USD
2022-11-18 price VBMPX                             126.62 USD
2022-11-18 price RGAGX                             144.84 USD
2022-11-18 price ITOT                               60.62 USD
2022-11-18 price VEA                               128.55 USD
2022-11-18 price VHT                               209.20 USD
2022-11-18 price GLD                                83.23 USD
2022-11-25 price VBMPX                             127.19 USD
2022-11-25 price RGAGX                             144.95 USD
2022-11-25 price ITOT                               59.99 USD
2022-11-25 price VEA                               128.39 USD
2022-11-25 price VHT                               206.78 USD
2022-11-25 price GLD                                83.20 USD
2022-12-02 price VBMPX                             128.36 USD
2022-12-02 price RGAGX                             147.49 USD
2022-12-02 price ITOT                               60.29 USD
2022-12-02 price VEA                               127.20 USD
2022-12-02 price VHT                               206.46 USD
2022-12-02 price GLD                                82.37 USD
2022-12-09 price VBMPX                             128.84 USD
2022-12-09 price RGAGX                             145.72 USD
2022-12-09 price ITOT                               60.38 USD
2022-12-09 price VEA                               126.81 USD
2022-12-09 price VHT                               201.32 USD
2022-12-09 price GLD                                82.30 USD
2022-12-16 price VBMPX                             131.55 USD
2022-12-16 price RGAGX                             145.91 USD
2022-12-16 price ITOT                               59.24 USD
2022-12-16 price VEA                               127.67 USD
2022-12-16 price VHT                               204.29 USD
2022-12-16 price GLD                                81.80 USD
2022-12-23 price VBMPX                             128.98 USD
2022-12-23 price RGAGX                             144.85 USD
2022-12-23 price ITOT                               60.46 USD
2022-12-23 price VEA                               128.78 USD
2022-12-23 price VHT                               203.37 USD
2022-12-23 price GLD                                81.83 USD
2022-12-30 price VBMPX                             127.75 USD
2022-12-30 price RGAGX                             145.41 USD
2022-12-30 price ITOT                               61.58 USD
2022-12-30 price VEA                               128.20 USD
2022-12-30 price VHT                               202.11 USD
2022-12-30 price GLD                                81.45 USD
2023-01-06 price VBMPX                             130.47 USD
2023-01-06 price RGAGX                             143.86 USD
2023-01-06 price ITOT                               61.59 USD
2023-01-06 price VEA                               129.29 USD
2023-01-06 price VHT                               205.50 USD
2023-01-06 price GLD                                81.60 USD
2023-01-13 price VBMPX                             127.85 USD
2023-01-13 price RGAGX                             144.56 USD
2023-01-13 price ITOT                               62.66 USD
2023-01-13 price VEA                               130.88 USD
2023-01-13 price VHT                               204.91 USD
2023-01-13 price GLD                                81.66 USD
2023-01-20 price VBMPX                             129.38 USD
2023-01-20 price RGAGX                             144.96 USD
2023-01-20 price ITOT                               63.46 USD
2023-01-20 price VEA                               131.03 USD
2023-01-20 price VHT                               205.56 USD
2023-01-20 price GLD                                81.61 USD
2023-01-27 price VBMPX                             130.94 USD
2023-01-27 price RGAGX                             145.00 USD
2023-01-27 price ITOT                               61.83 USD
2023-01-27 price VEA                               130.50 USD
2023-01-27 price VHT                               206.31 USD
2023-01-27 price GLD                                82.16 USD
2023-02-03 price VBMPX                             126.95 USD
2023-02-03 price RGAGX                             146.25 USD
2023-02-03 price ITOT                               62.10 USD
2023-02-03 price VEA                               131.02 USD
2023-02-03 price VHT                               209.34 USD
2023-02-03 price GLD                                82.05 USD
2023-02-10 price VBMPX                             125.13 USD
2023-02-10 price RGAGX                             145.34 USD
2023-02-10 price ITOT                               62.81 USD
2023-02-10 price VEA                               132.11 USD
2023-02-10 price VHT                               207.97 USD
2023-02-10 price GLD                                81.87 USD
2023-02-17 price VBMPX                             124.28 USD
2023-02-17 price RGAGX                             145.87 USD
2023-02-17 price ITOT                               61.94 USD
2023-02-17 price VEA                               132.26 USD
2023-02-17 price VHT                               211.55 USD
2023-02-17 price GLD                                82.68 USD
2023-02-24 price VBMPX                             128.46 USD
2023-02-24 price RGAGX                             146.34 USD
2023-02-24 price ITOT                               62.15 USD
2023-02-24 price VEA                               132.17 USD
2023-02-24 price VHT                               211.48 USD
2023-02-24 price GLD                                82.22 USD
2023-03-03 price VBMPX                             131.51 USD
2023-03-03 price RGAGX                             146.43 USD
2023-03-03 price ITOT                               62.16 USD
2023-03-03 price VEA                               132.03 USD
2023-03-03 price VHT                               210.52 USD
2023-03-03 price GLD                                82.94 USD
2023-03-10 price VBMPX                             133.70 USD
2023-03-10 price RGAGX                             146.97 USD
2023-03-10 price ITOT                               62.91 USD
2023-03-10 price VEA                               131.67 USD
2023-03-10 price VHT                               214.90 USD
2023-03-10 price GLD                                82.94 USD
2023-03-17 price VBMPX                             136.53 USD
2023-03-17 price RGAGX                             145.98 USD
2023-03-17 price ITOT                               62.73 USD
2023-03-17 price VEA                               131.27 USD
2023-03-17 price VHT                               216.63 USD
2023-03-17 price GLD                                82.40 USD
2023-03-24 price VBMPX                             139.21 USD
2023-03-24 price RGAGX                             143.75 USD
2023-03-24 price ITOT                               63.89 USD
2023-03-24 price VEA                               131.30 USD
2023-03-24 price VHT                               216.22 USD
2023-03-24 price GLD                                81.79 USD
2023-03-31 price VBMPX                             139.90 USD
2023-03-31 price RGAGX                             144.68 USD
2023-03-31 price ITOT                               62.98 USD
2023-03-31 price VEA                               132.20 USD
2023-03-31 price VHT                               211.83 USD
2023-03-31 price GLD                                82.22 USD
2023-04-07 price VBMPX                             137.11 USD
2023-04-07 price RGAGX                             144.80 USD
2023-04-07 price ITOT                               62.54 USD
2023-04-07 price VEA                               134.45 USD
2023-04-07 price VHT                               212.53 USD
2023-04-07 price GLD                                81.87 USD
2023-04-14 price VBMPX                             136.80 USD
2023-04-14 price RGAGX                             145.85 USD
2023-04-14 price ITOT                               62.68 USD
2023-04-14 price VEA                               135.14 USD
2023-04-14 price VHT                               216.75 USD
2023-04-14 price GLD                                81.78 USD
2023-04-21 price VBMPX                             141.70 USD
2023-04-21 price RGAGX                             143.94 USD
2023-04-21 price ITOT                               63.14 USD
2023-04-21 price VEA                               135.54 USD
2023-04-21 price VHT                               214.91 USD
2023-04-21 price GLD                                81.85 USD
2023-04-28 price VBMPX                             141.00 USD
2023-04-28 price RGAGX                             144.33 USD
2023-04-28 price ITOT                               62.52 USD
2023-04-28 price VEA                               135.05 USD
2023-04-28 price VHT                               217.71 USD
2023-04-28 price GLD                                81.95 USD
2023-05-05 price VBMPX                             141.06 USD
2023-05-05 price RGAGX                             146.04 USD
2023-05-05 price ITOT                               62.30 USD
2023-05-05 price VEA                               135.17 USD
2023-05-05 price VHT                               215.96 USD
2023-05-05 price GLD                                81.70 USD
2023-05-12 price VBMPX                             144.36 USD
2023-05-12 price RGAGX                             146.71 USD
2023-05-12 price ITOT                               61.82 USD
2023-05-12 price VEA                               135.93 USD
2023-05-12 price VHT                               214.92 USD
2023-05-12 price GLD                                82.08 USD
2023-05-19 price VBMPX                             142.15 USD
2023-05-19 price RGAGX                             146.49 USD
2023-05-19 price ITOT                               62.49 USD
2023-05-19 price VEA                               136.49 USD
2023-05-19 price VHT                               210.67 USD
2023-05-19 price GLD                                82.05 USD
2023-05-26 price VBMPX                             139.40 USD
2023-05-26 price RGAGX                             146.68 USD
2023-05-26 price ITOT                               63.04 USD
2023-05-26 price VEA                               134.96 USD
2023-05-26 price VHT                               209.79 USD
2023-05-26 price GLD                                82.50 USD
2023-06-02 price VBMPX                             141.98 USD
2023-06-02 price RGAGX                             146.00 USD
2023-06-02 price ITOT                               63.51 USD
2023-06-02 price VEA                               134.04 USD
2023-06-02 price VHT                               209.69 USD
2023-06-02 price GLD                                82.02 USD
2023-06-09 price VBMPX                             139.83 USD
2023-06-09 price RGAGX                             145.73 USD
2023-06-09 price ITOT                               65.06 USD
2023-06-09 price VEA                               135.41 USD
2023-06-09 price VHT                               208.85 USD
2023-06-09 price GLD                                82.47 USD
2023-06-16 price VBMPX                             137.98 USD
2023-06-16 price RGAGX                             145.53 USD
2023-06-16 price ITOT                               65.30 USD
2023-06-16 price VEA                               135.74 USD
2023-06-16 price VHT                               209.82 USD
2023-06-16 price GLD                                83.24 USD
2023-06-23 price VBMPX                             138.57 USD
2023-06-23 price RGAGX                             144.70 USD
2023-06-23 price ITOT                               65.40 USD
2023-06-23 price VEA                               134.57 USD
2023-06-23 price VHT                               209.00 USD
2023-06-23 price GLD                                83.65 USD
2023-06-30 price VBMPX                             138.99 USD
2023-06-30 price RGAGX                             146.62 USD
2023-06-30 price ITOT                               65.31 USD
2023-06-30 price VEA                               135.18 USD
2023-06-30 price VHT                               206.11 USD
2023-06-30 price GLD                                83.80 USD
2023-07-07 price VBMPX                             139.20 USD
2023-07-07 price RGAGX                             144.39 USD
2023-07-07 price ITOT                               64.71 USD
2023-07-07 price VEA                               135.99 USD
2023-07-07 price VHT                               204.25 USD
2023-07-07 price GLD                                84.79 USD
2023-07-14 price VBMPX                             140.42 USD
2023-07-14 price RGAGX                             144.77 USD
2023-07-14 price ITOT                               65.08 USD
2023-07-14 price VEA                               135.17 USD
2023-07-14 price VHT                               204.31 USD
2023-07-14 price GLD                                84.38 USD
2023-07-21 price VBMPX                             141.09 USD
2023-07-21 price RGAGX                             145.73 USD
2023-07-21 price ITOT                               65.65 USD
2023-07-21 price VEA                               134.24 USD
2023-07-21 price VHT                               203.45 USD
2023-07-21 price GLD                                83.73 USD
2023-07-28 price VBMPX                             138.13 USD
2023-07-28 price RGAGX                             145.32 USD
2023-07-28 price ITOT                               66.16 USD
2023-07-28 price VEA                               135.76 USD
2023-07-28 price VHT                               201.45 USD
2023-07-28 price GLD                                84.17 USD
2023-08-04 price VBMPX                             134.69 USD
2023-08-04 price RGAGX                             144.97 USD
2023-08-04 price ITOT                               66.90 USD
2023-08-04 price VEA                               136.39 USD
2023-08-04 price VHT                               199.88 USD
2023-08-04 price GLD                                84.53 USD
2023-08-11 price VBMPX                             136.66 USD
2023-08-11 price RGAGX                             145.81 USD
2023-08-11 price ITOT                               67.05 USD
2023-08-11 price VEA                               136.07 USD
2023-08-11 price VHT                               201.49 USD
2023-08-11 price GLD                                84.26 USD
2023-08-18 price VBMPX                             138.68 USD
2023-08-18 price RGAGX                             146.46 USD
2023-08-18 price ITOT                               67.66 USD
2023-08-18 price VEA                               136.73 USD
2023-08-18 price VHT                               200.03 USD
2023-08-18 price GLD                                83.65 USD
2023-08-25 price VBMPX                             139.90 USD
2023-08-25 price RGAGX                             147.04 USD
2023-08-25 price ITOT                               67.53 USD
2023-08-25 price VEA                               137.37 USD
2023-08-25 price VHT                               196.89 USD
2023-08-25 price GLD                                84.12 USD
2023-09-01 price VBMPX                             139.09 USD
2023-09-01 price RGAGX                             145.86 USD
2023-09-01 price ITOT                               67.75 USD
2023-09-01 price VEA                               137.45 USD
2023-09-01 price VHT                               200.20 USD
2023-09-01 price GLD                                83.35 USD
2023-09-08 price VBMPX                             138.70 USD
2023-09-08 price RGAGX                             146.05 USD
2023-09-08 price ITOT                               67.88 USD
2023-09-08 price VEA                               136.89 USD
2023-09-08 price VHT                               201.95 USD
2023-09-08 price GLD                                83.56 USD
2023-09-15 price VBMPX                             138.42 USD
2023-09-15 price RGAGX                             146.40 USD
2023-09-15 price ITOT                               68.31 USD
2023-09-15 price VEA                               137.06 USD
2023-09-15 price VHT                               202.86 USD
2023-09-15 price GLD                                83.26 USD
2023-09-22 price VBMPX                             138.20 USD
2023-09-22 price RGAGX                             146.74 USD
2023-09-22 price ITOT                               66.07 USD
2023-09-22 price VEA                               136.58 USD
2023-09-22 price VHT                               200.63 USD
2023-09-22 price GLD                                83.66 USD
2023-09-29 price VBMPX                             137.32 USD
2023-09-29 price RGAGX                             145.64 USD
2023-09-29 price ITOT                               65.49 USD
2023-09-29 price VEA                               137.67 USD
2023-09-29 price VHT                               199.87 USD
2023-09-29 price GLD                                83.70 USD
2023-10-06 price VBMPX                             134.90 USD
2023-10-06 price RGAGX                             145.02 USD
2023-10-06 price ITOT                               66.40 USD
2023-10-06 price VEA                               138.21 USD
2023-10-06 price VHT                               201.38 USD
2023-10-06 price GLD                                83.39 USD
2023-10-13 price VBMPX                             135.77 USD
2023-10-13 price RGAGX                             146.04 USD
2023-10-13 price ITOT                               66.69 USD
2023-10-13 price VEA                               137.89 USD
2023-10-13 price VHT                               203.70 USD
2023-10-13 price GLD                                83.71 USD
2023-10-20 price VBMPX                             138.83 USD
2023-10-20 price RGAGX                             146.20 USD
2023-10-20 price ITOT                               67.09 USD
2023-10-20 price VEA                               139.34 USD
2023-10-20 price VHT                               202.33 USD
2023-10-20 price GLD                                83.98 USD
2023-10-27 price VBMPX                             137.32 USD
2023-10-27 price RGAGX                             146.49 USD
2023-10-27 price ITOT                               66.69 USD
2023-10-27 price VEA                               140.13 USD
2023-10-27 price VHT                               200.70 USD
2023-10-27 price GLD                                84.86 USD
2023-11-03 price VBMPX                             142.54 USD
2023-11-03 price RGAGX                             145.52 USD
2023-11-03 price ITOT                               68.35 USD
2023-11-03 price VEA                               139.86 USD
2023-11-03 price VHT                               198.01 USD
2023-11-03 price GLD                                85.01 USD
2023-11-10 price VBMPX                             144.94 USD
2023-11-10 price RGAGX                             149.00 USD
2023-11-10 price ITOT                               69.24 USD
2023-11-10 price VEA                               141.02 USD
2023-11-10 price VHT                               203.14 USD
2023-11-10 price GLD                                84.79 USD
2023-11-17 price VBMPX                             146.07 USD
2023-11-17 price RGAGX                             150.61 USD
2023-11-17 price ITOT                               69.49 USD
2023-11-17 price VEA                               141.81 USD
2023-11-17 price VHT                               206.29 USD
2023-11-17 price GLD                                84.90 USD
2023-11-24 price VBMPX                             150.88 USD
2023-11-24 price RGAGX                             150.22 USD
2023-11-24 price ITOT                               70.85 USD
2023-11-24 price VEA                               143.64 USD
2023-11-24 price VHT                               206.45 USD
2023-11-24 price GLD                                84.23 USD
2023-12-01 price VBMPX                             153.15 USD
2023-12-01 price RGAGX                             151.24 USD
2023-12-01 price ITOT                               70.65 USD
2023-12-01 price VEA                               144.03 USD
2023-12-01 price VHT                               207.62 USD
2023-12-01 price GLD                                84.66 USD
2023-12-08 price VBMPX                             148.62 USD
2023-12-08 price RGAGX                             153.45 USD
2023-12-08 price ITOT                               70.85 USD
2023-12-08 price VEA                               144.59 USD
2023-12-08 price VHT                               204.42 USD
2023-12-08 price GLD                                84.92 USD
2023-12-15 price VBMPX                             147.90 USD
2023-12-15 price RGAGX                             153.54 USD
2023-12-15 price ITOT                               72.78 USD
2023-12-15 price VEA                               143.68 USD
2023-12-15 price VHT                               205.60 USD
2023-12-15 price GLD                                85.45 USD
2023-12-22 price VBMPX                             145.92 USD
2023-12-22 price RGAGX                             154.11 USD
2023-12-22 price ITOT                               72.30 USD
2023-12-22 price VEA                               143.03 USD
2023-12-22 price VHT                               206.26 USD
2023-12-22 price GLD                                85.47 USD
2023-12-29 price VBMPX                             150.03 USD
2023-12-29 price RGAGX                             153.82 USD
2023-12-29 price ITOT                               72.12 USD
2023-12-29 price VEA                               142.51 USD
2023-12-29 price VHT                               206.05 USD
2023-12-29 price GLD                                85.65 USD
2024-01-05 price VBMPX                             152.17 USD
2024-01-05 price RGAGX                             153.40 USD
2024-01-05 price ITOT                               70.53 USD
2024-01-05 price VEA                               141.91 USD
2024-01-05 price VHT                               208.05 USD
2024-01-05 price GLD                                85.94 USD
2024-01-12 price VBMPX                             148.78 USD
2024-01-12 price RGAGX                             153.07 USD
2024-01-12 price ITOT                               71.24 USD
2024-01-12 price VEA                               142.74 USD
2024-01-12 price VHT                               207.84 USD
2024-01-12 price GLD                                86.76 USD
2024-01-19 price VBMPX                             147.87 USD
2024-01-19 price RGAGX                             152.52 USD
2024-01-19 price ITOT                               70.75 USD
2024-01-19 price VEA                               142.22 USD
2024-01-19 price VHT                               206.95 USD
2024-01-19 price GLD                                86.37 USD
2024-01-26 price VBMPX                             149.91 USD
2024-01-26 price RGAGX                             151.62 USD
2024-01-26 price ITOT                               70.57 USD
2024-01-26 price VEA                               143.63 USD
2024-01-26 price VHT                               204.36 USD
2024-01-26 price GLD                                86.22 USD
2024-02-02 price VBMPX                             150.92 USD
2024-02-02 price RGAGX                             149.62 USD
2024-02-02 price ITOT                               71.02 USD
2024-02-02 price VEA                               144.11 USD
2024-02-02 price VHT                               206.72 USD
2024-02-02 price GLD                                87.24 USD
2024-02-09 price VBMPX                             152.27 USD
2024-02-09 price RGAGX                             150.93 USD
2024-02-09 price ITOT                               71.59 USD
2024-02-09 price VEA                               144.34 USD
2024-02-09 price VHT                               206.70 USD
2024-02-09 price GLD                                87.37 USD
2024-02-16 price VBMPX                             149.34 USD
2024-02-16 price RGAGX                             151.84 USD
2024-02-16 price ITOT                               71.70 USD
2024-02-16 price VEA                               145.85 USD
2024-02-16 price VHT                               208.67 USD
2024-02-16 price GLD                                86.75 USD
2024-02-23 price VBMPX                             152.76 USD
2024-02-23 price RGAGX                             151.52 USD
2024-02-23 price ITOT                               72.03 USD
2024-02-23 price VEA                               146.21 USD
2024-02-23 price VHT                               207.51 USD
2024-02-23 price GLD                                86.94 USD
2024-03-01 price VBMPX                             154.10 USD
2024-03-01 price RGAGX                             152.84 USD
2024-03-01 price ITOT                               70.43 USD
2024-03-01 price VEA                               146.15 USD
2024-03-01 price VHT                               212.15 USD
2024-03-01 price GLD                                86.72 USD
2024-03-08 price VBMPX                             153.37 USD
2024-03-08 price RGAGX                             153.77 USD
2024-03-08 price ITOT                               71.68 USD
2024-03-08 price VEA                               145.66 USD
2024-03-08 price VHT                               212.27 USD
2024-03-08 price GLD                                87.00 USD
2024-03-15 price VBMPX                             150.99 USD
2024-03-15 price RGAGX                             154.10 USD
2024-03-15 price ITOT                               72.23 USD
2024-03-15 price VEA                               144.92 USD
2024-03-15 price VHT                               214.65 USD
2024-03-15 price GLD                                86.92 USD
2024-03-22 price VBMPX                             149.06 USD
2024-03-22 price RGAGX                             155.50 USD
2024-03-22 price ITOT                               72.59 USD
2024-03-22 price VEA                               145.97 USD
2024-03-22 price VHT                               213.25 USD
2024-03-22 price GLD                                86.80 USD
2024-03-29 price VBMPX                             150.38 USD
2024-03-29 price RGAGX                             157.56 USD
2024-03-29 price ITOT                               71.69 USD
2024-03-29 price VEA                               144.18 USD
2024-03-29 price VHT                               216.72 USD
2024-03-29 price GLD                                86.88 USD
2024-04-05 price VBMPX                             152.25 USD
2024-04-05 price RGAGX                             157.37 USD
2024-04-05 price ITOT                               70.93 USD
2024-04-05 price VEA                               144.64 USD
2024-04-05 price VHT                               217.45 USD
2024-04-05 price GLD                                87.12 USD
2024-04-12 price VBMPX                             148.65 USD
2024-04-12 price RGAGX                             158.77 USD
2024-04-12 price ITOT                               70.84 USD
2024-04-12 price VEA                               146.08 USD
2024-04-12 price VHT                               214.41 USD
2024-04-12 price GLD                                87.23 USD
2024-04-19 price VBMPX                             151.56 USD
2024-04-19 price RGAGX                             158.33 USD
2024-04-19 price ITOT                               71.64 USD
2024-04-19 price VEA                               145.10 USD
2024-04-19 price VHT                               213.63 USD
2024-04-19 price GLD                                87.50 USD
2024-04-26 price VBMPX                             150.32 USD
2024-04-26 price RGAGX                             157.15 USD
2024-04-26 price ITOT                               73.60 USD
2024-04-26 price VEA                               143.28 USD
2024-04-26 price VHT                               215.90 USD
2024-04-26 price GLD                                87.48 USD
2024-05-03 price VBMPX                             151.83 USD
2024-05-03 price RGAGX                             155.03 USD
2024-05-03 price ITOT                               74.19 USD
2024-05-03 price VEA                               144.19 USD
2024-05-03 price VHT                               214.57 USD
2024-05-03 price GLD                                87.27 USD
2024-05-10 price VBMPX                             151.99 USD
2024-05-10 price RGAGX                             154.00 USD
2024-05-10 price ITOT                               75.51 USD
2024-05-10 price VEA                               143.39 USD
2024-05-10 price VHT                               215.22 USD
2024-05-10 price GLD                                87.15 USD
2024-05-17 price VBMPX                             154.73 USD
2024-05-17 price RGAGX                             154.25 USD
2024-05-17 price ITOT                               76.78 USD
2024-05-17 price VEA                               143.21 USD
2024-05-17 price VHT                               212.99 USD
2024-05-17 price GLD                                87.12 USD
2024-05-24 price VBMPX                             150.00 USD
2024-05-24 price RGAGX                             154.65 USD
2024-05-24 price ITOT                               76.80 USD
2024-05-24 price VEA                               143.43 USD
2024-05-24 price VHT                               215.29 USD
2024-05-24 price GLD                                87.25 USD
2024-05-31 price VBMPX                             147.74 USD
2024-05-31 price RGAGX                             154.73 USD
2024-05-31 price ITOT                               78.22 USD
2024-05-31 price VEA                               143.99 USD
2024-05-31 price VHT                               217.25 USD
2024-05-31 price GLD                                87.68 USD
2024-06-07 price VBMPX                             143.07 USD
2024-06-07 price RGAGX                             153.17 USD
2024-06-07 price ITOT                               78.42 USD
2024-06-07 price VEA                               142.91 USD
2024-06-07 price VHT                               218.47 USD
2024-06-07 price GLD                                87.66 USD
2024-06-14 price VBMPX                             145.35 USD
2024-06-14 price RGAGX                             152.70 USD
2024-06-14 price ITOT                               78.76 USD
2024-06-14 price VEA                               143.00 USD
2024-06-14 price VHT                               222.29 USD
2024-06-14 price GLD                                88.61 USD
2024-06-21 price VBMPX                             148.68 USD
2024-06-21 price RGAGX                             152.68 USD
2024-06-21 price ITOT                               80.09 USD
2024-06-21 price VEA                               144.06 USD
2024-06-21 price VHT                               219.17 USD
2024-06-21 price GLD                                88.84 USD
2024-06-28 price VBMPX                             150.50 USD
2024-06-28 price RGAGX                             152.77 USD
2024-06-28 price ITOT                               81.79 USD
2024-06-28 price VEA                               145.43 USD
2024-06-28 price VHT                               223.33 USD
2024-06-28 price GLD                                88.86 USD
2024-07-05 price VBMPX                             151.33 USD
2024-07-05 price RGAGX                             153.86 USD
2024-07-05 price ITOT                               81.51 USD
2024-07-05 price VEA                               145.08 USD
2024-07-05 price VHT                               222.73 USD
2024-07-05 price GLD                                89.41 USD
2024-07-12 price VBMPX                             149.06 USD
2024-07-12 price RGAGX                             153.86 USD
2024-07-12 price ITOT                               81.84 USD
2024-07-12 price VEA                               144.22 USD
2024-07-12 price VHT                               225.86 USD
2024-07-12 price GLD                                89.54 USD
2024-07-19 price VBMPX                             153.58 USD
2024-07-19 price RGAGX                             156.10 USD
2024-07-19 price ITOT                               82.42 USD
2024-07-19 price VEA                               144.76 USD
2024-07-19 price VHT                               221.91 USD
2024-07-19 price GLD                                89.01 USD
2024-07-26 price VBMPX                             155.78 USD
2024-07-26 price RGAGX                             158.62 USD
2024-07-26 price ITOT                               82.09 USD
2024-07-26 price VEA                               144.70 USD
2024-07-26 price VHT                               222.90 USD
2024-07-26 price GLD                                89.59 USD
2024-08-02 price VBMPX                             156.12 USD
2024-08-02 price RGAGX                             159.73 USD
2024-08-02 price ITOT                               80.95 USD
2024-08-02 price VEA                               144.18 USD
2024-08-02 price VHT                               224.87 USD
2024-08-02 price GLD                                89.70 USD
2024-08-09 price VBMPX                             157.83 USD
2024-08-09 price RGAGX                             160.98 USD
2024-08-09 price ITOT                               79.51 USD
2024-08-09 price VEA                               145.25 USD
2024-08-09 price VHT                               226.54 USD
2024-08-09 price GLD                                89.80 USD
2024-08-16 price VBMPX                             154.50 USD
2024-08-16 price RGAGX                             159.65 USD
2024-08-16 price ITOT                               81.38 USD
2024-08-16 price VEA                               145.75 USD
2024-08-16 price VHT                               227.84 USD
2024-08-16 price GLD                                89.98 USD



* Cash

